2678 4800
194 328 272 397 w4
456 344 1024 394 annonaaronas
1115 372 1118 377 -

195 486 424 574 ἐξαμαρτάνοιεν
435 492 504 574 περὶ
521 497 602 571 σφᾶς
616 485 738 569 αότοός,
758 493 808 556 καλ
819 494 888 571 περὶ
899 490 974 568 caric
985 489 1095 571 όλλονς
1108 493 1294 579 ἀνθρώπους

196 592 256 637 ete.
302 578 368 637 Ubi
385 575 514 639 Clericus
525 589 633 657 putat,
656 577 817 635 Socratem
833 576 921 637 abuti
938 580 1116 655 locutionis
1131 584 1294 667 ambigni-

195 675 280 734 tate,
304 661 392 731 cuod
415 657 587 741 εὖπράττειν
606 662 666 738 sit,
689 675 722 720 et
740 661 808 722 bene
827 684 981 742 regerere,
1004 678 1036 725 et
1059 665 1197 727 secundis
1213 669 1294 740 rebus

194 753 249 809 ατί.
295 747 390 808 Nihil
409 748 521 806 refert:
545 742 585 804 ad
605 747 750 807 actiones
775 761 860 808 certe
878 746 1027 825 extendi,
1049 770 1091 811 ex
1114 764 1187 812 toto
1202 774 1293 835 argu-

195 847 305 893 mento
323 844 418 908 patet.
463 831 559 892 Plura
580 827 695 892 addere
714 830 867 913 temporis
882 845 915 893 et
933 832 1000 893 loci
1016 836 1167 917 angustia
1184 838 1294 917 probi.

194 915 282 979 bent.
317 917 440 975 Reraz.
1005 969 1009 977 .

236 1018 239 1023 ’
278 1000 355 1064 End.
367 1005 387 1061 1.
407 1008 455 1065 10.
484 997 545 1081 Τὴν
561 997 735 1085 τετραττόν)
757 1001 831 1061 Huc
846 1002 999 1082 pertinet,
1022 998 1110 1084 quod
1125 1017 1175 1071 eat
1189 1004 1225 1065 in
1241 1027 1294 1066 au·

194 1106 248 1146 reo
262 1106 354 1146 versu
370 1084 590 1168 Pythagorae:

360 1172 426 1233 Ναὶ
438 1167 479 1249 μό
493 1168 545 1234 τόν
557 1168 682 1253 ἡμετέρᾳ
695 1175 781 1254 ψυχᾷ
795 1167 969 1253 παραδόντα
982 1168 1146 1256 τετραετόν

360 1252 469 1338 Παγότν
487 1252 617 1320 όεννόου
644 1254 774 1336 φύσεως.

192 1339 326 1405 Bonan.
370 1340 478 1400 Sermo
494 1339 529 1397 fit
546 1341 584 1402 de
597 1341 777 1422 Pythagora
802 1343 936 1422 ejusque
948 1342 1184 1421 sectatoribus,
1208 1344 1293 1427 apori

194 1444 276 1503 quos
289 1422 323 1487 τό
335 1423 482 1509 όνταλνειν
495 1427 529 1482 in
553 1422 812 1505 frequentissimo
836 1424 937 1485 fuerit
952 1447 1013 1485 usu
1030 1441 1062 1488 et
1079 1431 1173 1511 quasi
1191 1435 1292 1491 cultu.

192 1510 250 1568 ait
266 1530 362 1589 porro
377 1511 497 1583 Noster,
521 1513 576 1574 εἰσὶ
591 1511 623 1577 δὲ
638 1516 668 1575 οἳ
680 1511 728 1572 καὶ
747 1504 802 1586 τόν
816 1506 993 1591 revocarit,
1016 1510 1070 1575 τόν
1087 1513 1229 1595 μέγιστον
1245 1511 1293 1598 iip-

192 1600 247 1657 τ’τον
263 1591 404 1674 afirmari
416 1594 467 1658 τόν
479 1600 583 1675 ἐντελῆ
594 1590 696 1668 αὐτοῖς
709 1590 843 1673 ἀριθμόν
857 1591 1022 1679 ἀποτελεῖν.
1046 1601 1078 1660 ολ
1089 1596 1182 1670 δὲκαὶ
1191 1593 1294 1683 όγεόος

192 1674 288 1759 ἀρχὴν
313 1677 465 1745 ἐκάλεσαν.
520 1682 609 1742 Male
635 1678 792 1740 dederunt
815 1676 870 1738 hic
898 1681 1092 1758 posteriores
1119 1684 1292 1765 τετρακτήν,

194 1785 282 1840 eum,
310 1780 343 1824 ut
363 1787 471 1824 omnes
490 1782 553 1825 ant.
568 1766 668 1827 editt.
686 1762 823 1838 babent,
847 1761 1049 1825 scribendum
1065 1767 1109 1827 sit
1124 1770 1292 1853 τετρακτύν.

196 1849 360 1930 Τετραοτός
377 1870 489 1931 nempe
507 1851 727 1931 appellabatur
744 1843 846 1930 τετρὰς
861 1847 1085 1930 Pythagorica.
1130 1852 1172 1912 In
1189 1854 1293 1915 verbis

192 1936 400 2012 sequentibus
417 1957 475 2015 pro
488 1929 508 2014 τό
522 1933 692 2013 τόνέντελῆ
704 1928 807 2006 αὐτοῖς
820 1926 954 2014 οῗρτθμόν
965 1929 1131 2013 όττοτελεόν,
1140 1938 1294 2002 Brodoeas

192 2015 280 2076 dicto
298 2022 371 2078 loco
386 2021 483 2101 legit,
505 2017 528 2099 ἢ
543 2021 687 2099 (scilicet
698 2014 877 2095 τετρακτὺς)
891 2013 944 2081 τόν
965 2021 1066 2098 ἐντελῆ
1081 2018 1184 2097 αότοῖς
1199 2020 1294 2106 aiat&-

191 2097 250 2182 μόν
266 2099 410 2168 ἀποτελεῖ.
454 2105 503 2163 Ita
522 2127 597 2187 ergo
617 2101 804 2163 vertendum
819 2102 900 2162 erit:
925 2101 1002 2164 Sunt
1015 2120 1131 2182 autem,
1156 2111 1211 2190 qai
1223 2130 1291 2194 φρ.

190 2190 348 2247 ternionem
363 2206 506 2248 vocarunt
519 2193 686 2255 maximum
703 2210 801 2248 eorum
815 2186 1040 2269 jusjurandum,
1064 2194 1118 2272 qui
1127 2193 1291 2279 perfectam

191 2270 339 2352 apocl'eos
361 2298 510 2333 curaer-um
533 2273 685 2336 absolvat:
714 2268 769 2332 οἷίἰ
788 2294 855 2332 vero
886 2271 1023 2331 eundem
1044 2278 1287 2353 quaternionem

192 2354 344 2415 'dixerunt
359 2361 497 2418 sanitaris
508 2360 698 2440 principiam.
742 2357 787 2415 At
802 2354 829 2414 si
844 2371 930 2415 recte
946 2355 1141 2437 consideras,
1166 2360 1289 2435 videtur

190 2439 279 2515 ¹nulla
294 2462 355 2522 ope
373 2441 496 2501 medica
514 2463 612 2523 opus,
636 2464 707 2501 cum
723 2438 889 2500 commode
912 2436 1039 2500 dicatur
1053 2438 1228 2524 quaternio
1242 2450 1291 2506 vat

189 2524 360 2584 maximnm
383 2525 660 2609 Pythagoreorum
683 2521 906 2607 jusjurandum
925 2543 1009 2600 esse,
1040 2530 1094 2585 vel
1113 2530 1289 2607 perfeetum

189 2607 272 2687 apud
293 2608 420 2671 eosdem
443 2604 800 2675 nu'rnerom'absolvere.
836 2605 994 2668 'Ceterum
1011 2610 1098 2692 quod
1113 2612 1225 2675 Noster·
1236 2614 1289 2685 ait,

156 2758 158 2764 .
191 2691 345 2772 quosdam
357 2691 414 2777 τόν
428 2690 588 2779 τετρακτόν
601 2698 775 2777 appellasse
789 2686 892 2775 όγελας
905 2690 1017 2773 ἀρχὴν,
1040 2714 1079 2758 eo
1096 2696 1180 2757 facit
1194 2696 1289 2759 disti·-

188 2772 275 2857 chon
298 2777 396 2856 illud,
421 2802 484 2864 qno
507 2779 620 2839 itidem
640 2774 861 2861 jusjurandum
882 2777 1185 2859 comprehenditur,
1208 2780 1289 2867 apud

191 2859 391 2924 Iamblichum
409 2863 447 2926 'de
461 2864 535 2924 Vita
560 2862 657 2945 Pyth.
673 2883 704 2944 p.
723 2868 792 2929 147.

221 2946 228 2961 ⁴
359 2956 404 3015 Ον
418 2977 459 3031 μα
478 2976 532 3013 τον
545 2950 668 3035 αμετὲρρ
683 2954 772 3033 γενεῇ
788 2940 963 3030 παραδόντα
975 2946 1159 3033 τέτραπτόν,-·,

359 3033 468 3118 Παγόν
483 3027 615 3098 ἆεννόου
632 3031 752 3114 φόσετος
767 3030 906 3114 triopae
919 3034 1053 3115 ἔχουσαν.
1106 3062 1109 3069 ·

123 3190 126 3195 ¹
191 3117 332 3177 Primum
349 3141 472 3179 versum
487 3119 584 3180 hebet
599 3133 631 3178 et
643 3117 820 3180 Macrobius
832 3118 867 3176 in
882 3117 988 3182 Soron.
999 3119 1084 3201 Scip.
1100 3132 1136 3181 at
1148 3142 1210 3202 pto
1226 3117 1290 3204 ripr-

190 3204 260 3288 τέρῃ
276 3211 363 3291 γενεῇ
375 3203 421 3262 ibi
436 3201 560 3288 ἁμετέρα
574 3209 678 3288 ψυχᾷ·
701 3207 798 3283 plane
812 3200 863 3261 uti
880 3202 914 3260 in
930 3202 1052 3281 aureis,
1075 3225 1161 3286 qnae
1175 3205 1290 3267 diona-

192 3300 245 3345 tnr
256 3287 459 3370 Pythagorae,
482 3287 686 3349 carminibus.
730 3280 869 3346 Rurau'm
889 3286 982 3346 aliter
995 3289 1144 3369 concipit
1160 3290 1291 3353 Iambli-

193 3371 265 3432 clms
285 3374 420 3433 eundem
442 3376 682 3434 iiiumveraum
701 3390 733 3452 p.
756 3377 826 3439 138.
847 3369 902 3429 ubi
925 3369 990 3448 ait,
1022 3370 1190 3435 distichon
1210 3374 1291 3435 illud

193 3456 295 3517 fnisse
314 3456 541 3539 jusjurandum
556 3454 856 3538 Pythagoreorum,
879 3453 982 3536 ipsius
1003 3457 1212 3541 Pythagorae
1230 3478 1290 3523 no-

194 3562 266 3600 men
284 3542 506 3620 reticentiam,
530 3541 643 3605 veluti.
652 3560 746 3623 parce
762 3543 902 3602 solerent
915 3540 1061 3607 Deorum
1072 3541 1208 3605 nomina
1222 3563 1290 3629 pro·

193 3622 276 3688 fari:
563 3660 580 3667 --
617 3684 620 3689 .

360 3714 425 3776 Νολ
438 3709 479 3792 μό
492 3709 546 3775 τόν
562 3705 703 3792 όμετὲρας
721 3711 832 3791 σοφίας
852 3703 982 3793 εὑρόντα
995 3706 1170 3794 anamais,

361 3795 470 3882 Παγόν
484 3793 618 3860 ἄεννᾶου
636 3810 697 3857 eto.

193 3878 288 3943 June.
333 3882 381 3940 Ea
405 3882 443 3942 de
465 3904 498 3941 re
518 3886 580 3961 jam
602 3901 695 3962 supra
718 3880 750 3939 in
777 3879 845 3940 Vit.
871 3877 967 3941 Auot.
986 3900 1013 3940 e.
1035 3884 1068 3946 4.
1090 3876 1216 3945 dietum
1236 3897 1289 3947 est.

194 3963 455 4024 Subaudiendum
472 3980 574 4026 autem
590 3963 644 4024 hic
660 3969 744 4045 φασί.
788 3962 854 4027 Sed
872 3961 1074 4026 haecomnia
1089 3965 1289 4029 obscuriora:

194 4050 349 4111 tractanti
369 4065 473 4110 tamen
490 4064 583 4125 sunt,
606 4063 642 4108 ut
660 4070 793 4130 operase
811 4047 850 4109 ad
865 4070 902 4109 ea
923 4046 1130 4111 dilucidanda
1151 4051 1224 4135 qnia
1238 4053 1301 4132 in-'

193 4133 330 4197 cumbat.
374 4134 569 4214 Laudarem,
594 4132 621 4196 si
634 4133 758 4219 absque
771 4147 821 4197 tot
834 4132 939 4197 doctis
951 4130 1137 4218 ambagibus
1151 4136 1289 4203 valetudi-
