2678 4800
197 388 274 461 620
466 388 1035 453 annona-usonus

199 546 400 615 editionibus
414 542 485 619 ita,
507 554 545 601 ut
563 538 659 600 etism
680 536 909 620 interpretibus
928 535 1056 601 Gesusro
1076 551 1112 600 et
1135 537 1301 606 Welondio

198 632 307 697 fraudi
323 630 433 707 fuerit,
445 645 578 710 quorum
595 624 650 683 ille
664 637 828 687 vesterats·
842 622 1161 708 pulchriornePluyne
1175 629 1217 687 sis
1227 626 1301 689 Sim,

200 720 318 797 miodo,-
338 714 393 775 hio
408 709 543 773 eundem
560 707 594 766 in
608 705 747 768 modum.
791 705 855 768 Res
870 705 999 793 quidem
1010 708 1115 771 levis:
1138 708 1200 772 sed
1214 710 1251 771 in
1261 716 1301 775 le·

199 793 658 879 vibusprobatutdiligentia.
681 788 804 856 Lanu:
839 842 842 847 .
1048 832 1051 839 .
1096 836 1105 853 f
1134 818 1137 823 ·
1291 834 1294 839 ,

285 883 364 947 Eas.
386 886 453 948 λδ.
488 875 536 942 Τὸ
565 874 761 957 πρότερον
787 877 880 952 τέως
906 873 1089 958 ἄμορφον
1113 874 1224 945 aluus
1244 883 1299 947 do:

201 980 274 1039 soti
281 970 320 1048 ν]
345 965 507 1026 Omissum
526 966 623 1043 vulgo
639 975 712 1021 ante
725 955 872 1042 πρότερον
886 962 1057 1021 articulum
1069 962 1299 1045 meipsam

203 1057 302 1118 Sclm.
319 1048 440 1133 placuit
454 1069 472 1108 e
487 1052 579 1114 2954.
594 1046 734 1115 nemine,
749 1056 854 1124 spese,
878 1044 1090 1125 improbante.
1140 1046 1209 1111 sed
1224 1046 1298 1111 iden

198 1136 350 1210 Submissi.
368 1156 407 1194 ex
425 1129 535 1193 eodem
560 1127 661 1204 cod,
690 1143 842 1190 monente
862 1128 985 1205 Boline,
1009 1144 1084 1210 post
1108 1130 1197 1197 εἶναι·
1212 1134 1298 1196 etism

201 1250 253 1307 μοι
275 1218 428 1293 inseruit,
458 1214 617 1275 sententis
644 1234 699 1292 pes
718 1234 752 1274 se
777 1212 905 1295 quidem
930 1235 996 1275 non
1014 1216 1160 1279 omnino
1184 1218 1297 1300 inepta,

200 1308 256 1381 ¹cni
278 1294 374 1365 etiaui
394 1298 546 1383 ponderis
561 1299 760 1381 aliquantum
780 1299 929 1360 accedere
952 1296 1054 1359 videri
1069 1301 1183 1381 possis
1198 1322 1239 1364 ex
1253 1304 1297 1361 iu-

201 1391 298 1478 genio
319 1383 561 1464 ‚sutoris-‚hujus
574 1383 722 1463 proptio,
740 1402 849 1463 ,supra
870 1382 909 1443 ab
930 1381 1186 1463 ipso..ensrssto.
1240 1387 1297 1449 Vo-

201 1499 271 1537 sum
290 1494 349 1534 nee
370 1474 500 1552 vulgata
517 1469 600 1527 ratio
623 1463 777 1538 absurda,
800 1471 853 1525 vel
874 1467 976 1527 aliena
993 1480 1042 1531 ess
1061 1466 1102 1529 sb
1116 1466 1152 1533 lt.
1168 1474 1195 1533 1.
1209 1470 1296 1533 modo

203 1559 366 1638 intelligas
385 1553 527 1636 ἄμορφον
543 1549 621 1621 sivos
643 1557 755 1615 δοκοῦν
772 1550 946 1634 palliolum,
969 1548 1056 1635 quod
1064 1552 1159 1636 uulgo
1175 1553 1298 1643 alfiswic

200 1642 372 1707 labebatur.
415 1639 469 1701 Sis
486 1636 562 1725 alibi
587 1635 671 1715 apud
688 1636 829 1697 Nostrum
846 1640 878 1700 oi
891 1634 1116 1715 nounpoisisus
1129 1643 1296 1716 δοκοῦντες,

201 1733 236 1793 oi
257 1727 367 1806 σοφοὶ,
389 1718 558 1804 φιλόσοφοι
575 1735 635 1785 etc.
677 1718 754 1784 εἶναι
773 1725 935 1796 δοκοῦντες
958 1736 1154 1804 assumunt,
1176 1726 1296 1787 satione

201 1812 344 1895 vulgaris
358 1807 544 1889 opinionis,
567 1808 618 1865 vel
631 1803 764 1888 judicii,
787 1803 907 1865 habita.
928 1806 1049 1868 Lusius.
1098 1860 1149 1875 ,..

197 1940 224 1967 ,.
267 1892 364 1955 aas.
380 1897 400 1956 l.
423 1900 472 1959 10.
499 1887 540 1954 lli
560 1885 753 1966 Ἐλευσίνια)
776 1889 900 1951 Cereris
920 1910 1022 1955 saera,
1037 1890 1153 1955 Baon.
1193 1890 1248 1960 ‘En

203 1978 290 2061 apud
305 1977 520 2039 Athenienses
533 1969 553 2055 ἡ
567 1976 777 2055 ἐπιτελουμένη
792 1977 932 2054 Annesel
947 1975 1000 2038 sol
1010 1974 1180 2057 Hspnsptiv
1208 2026 1219 2056 ‚
1240 1983 1294 2065 lup

203 2067 341 2146 ἐγένοντο
355 2058 470 2143 οἷνόητά
486 2086 554 2124 τινα
569 2056 728 2141 μυστήρια.
749 2061 803 2119 De
816 2059 1004 2134 Eleusiniis,
1015 2058 1134 2143 scalig.
1149 2084 1168 2123 a
1204 2064 1291 2131 lius

205 2147 339 2222 Tibulli,
369 2161 403 2209 et
428 2145 561 2226 copiose
590 2143 664 2205 dico
685 2144 941 2206 alibi.·Bouuu.
990 2150 1180 2227 Τελεσθῆναι
1208 2148 1292 2211 etism

203 2232 394 2313 simpliciter
417 2229 457 2291 de
480 2230 521 2289 iis
545 2228 697 2304 dieitur,¹
712 2228 769 2311 qui
792 2228 967 2289 Eleusiniis
991 2231 1156 2310 mysteriis
1177 2232 1291 2293 initiati

203 2333 299 2392 sunt,
316 2315 490 2401 ‘utNevig.
505 2336 532 2380 c.
550 2322 601 2383 11.
618 2317 717 2379 καίτοι
736 2313 947 2397 ἐτελέσθημεν,
970 2309 1013 2386 oie
1032 2310 1148 2390 οἶσθα,
1170 2318 1224 2383 sol
1242 2318 1290 2383 ssi·

203 2428 267 2486 γειν
283 2398 508 2483 μεμαθήκαμεν.
537 2400 659 2482 Magna
676 2398 787 2480 itaque
801 2418 868 2458 nou
884 2401 987 2457 solum
1000 2397 1111 2460 Belius
1126 2414 1162 2461 st
1176 2402 1293 2465 &lusis

203 2486 283 2563 clero,
306 2484 362 2547 sed
376 2485 458 2545 milti
474 2504 619 2566 quoque,
642 2482 775 2543 suborta
788 2494 837 2543 est
851 2481 1005 2562 suspicio,
1023 2503 1111 2563 quae
1125 2489 1226 2571 uulgo
1236 2486 1290 2553 lsi.

194 2570 386 2645 adduntur,
405 2565 440 2633 ssi
451 2564 635 2638 Ἐλευσίνια,
661 2566 889 2649 explicationis
902 2586 1010 2626 caussa
1027 2567 1068 2626 als
1083 2568 1198 2631 aliens
1208 2590 1292 2632 nanu

203 2653 326 2734 adjecta
340 2675 419 2714 esse.
464 2652 555 2733 Quae
575 2652 719 2732 suspicio
736 2651 831 2711 etiam
844 2650 961 2730 justior
975 2663 1009 2710 et
1025 2652 1291 2717 elasiorreddisst

195 2759 254 2819 eo,
284 2737 371 2819 quod
385 2737 418 2795 in
436 2735 561 2797 duobus
577 2735 679 2798 Codd.
695 2734 830 2797 vocibus
847 2734 899 2794 his
913 2729 1054 2813 δηλονότι
1065 2730 1291 2817 ptaafixumts

195 2823 307 2907 ¹gitur,
329 2844 393 2906 quo
417 2836 544 2882 constat
566 2821 634 2882 fere
654 2819 836 2889 utisolitos
861 2819 1072 2883 Glossatores.
1115 2820 1289 2903 Nequeid,

203 2907 378 2988 quominus
392 2920 562 2981 statuatur,
582 2903 757 2986 impeditur
771 2923 822 2980 eo,
847 2900 934 2984 quod
947 2900 1066 2965 deinde
1077 2904 1232 2986 sequitur
1242 2916 1292 2981 ωῑς

194 2976 280 3067 Ιἐκεῖ,
306 2990 393 3074 quod
418 3014 457 3053 ex
474 2993 545 3073 ipso
567 2989 663 3051 verbo
681 2990 837 3073 ἐτελέσθης
853 2985 943 3047 facili
957 3006 1056 3131 opera
1068 2990 1243 3071 explsnssi
1256 2990 1291 3051 its

200 3091 325 3159 potest,
349 3092 386 3138 ut
406 3073 460 3149 τὰς
477 3071 607 3151 τελετὰς,
630 3079 682 3135 vel
696 3077 761 3135 tale
783 3071 881 3154 quid,
904 3091 969 3156 quo
1006 3092 1126 3135 armus
1141 3072 1203 3137 ills
1218 3094 1292 3139 ssoss

192 3161 386 3244 significet,
409 3160 581 3242 inteiligas.
604 3160 724 3221 Leuat.
815 3204 818 3211 .
1144 3184 1147 3191 ·
1257 3188 1261 3197 ·

199 3304 202 3311 .
285 3245 363 3327 Pag.
376 3253 449 3312 218.
463 3248 485 3308 l.
506 3253 555 3311 11.
588 3241 680 3327 Παρὰ
700 3241 755 3307 τὸν
777 3241 868 3325 βίον)
889 3239 945 3305 Sis
961 3240 1097 3304 omniuo
1117 3244 1291 3329 legendum

196 3352 269 3409 ¹nou
282 3335 360 3410 napi.
399 3330 439 3389 Iu
459 3329 522 3391 Ox.
540 3329 613 3410 napi
635 3325 797 3389 mendose.
834 3326 876 3387 Iu
890 3325 1058 3409 impressis
1070 3330 1154 3412 περὶ.
1177 3329 1292 3393 sonu.

203 3416 323 3478 Omnes
338 3410 421 3475 Edd.
436 3412 491 3474 hie
504 3413 667 3473 habebant
685 3413 757 3496 περὶ
768 3407 821 3476 siv
836 3414 920 3487 βίον,
941 3408 1066 3471 seditio
1078 3413 1184 3498 magis
1196 3432 1295 3477 nesea·

203 3500 285 3560 saria
303 3499 439 3559 mutatio
459 3507 515 3563 τοῦ
534 3502 604 3579 περὶ
628 3497 664 3556 in
686 3492 786 3576 παρὰ,
808 3496 886 3556 licet
904 3494 1026 3554 minori
1041 3494 1152 3561 codd·
1169 3514 1293 3561 numero

192 3585 303 3661 ‚fulta‚
320 3604 422 3664 ‚quam
443 3603 538 3666 supra
557 3582 679 3647 Reviv.·
695 3603 722 3648 o.
735 3585 788 3649 25.
802 3602 850 3662 pr.
869 3578 946 3661 quia
966 3576 1015 3637 ibi
1035 3580 1162 3663 exponi
1183 3594 1293 3666 posset,

203 3673 294 3746 eirea,
319 3669 372 3728 bio
387 3667 494 3727 miuus
509 3664 693 3744 commod03
715 3686 787 3727 eum
798 3664 899 3748 igitur
911 3662 982 3724 illio
996 3661 1084 3725 nihil
1099 3666 1292 3743 mnuvssin,

202 3753 258 3813 hio
275 3769 379 3813 tamen
391 3755 558 3833 ‚vulgatam
574 3749 711 3812 retinere
732 3770 800 3811 nou
811 3749 926 3831 potui:
946 3748 1041 3825 licet,
1061 3749 1294 3835 supinusque

201 3841 277 3899 loeo
292 3838 461 3897 Lucianum
481 3836 624 3908 dedisse,
646 3834 728 3895 mihi
746 3831 962 3914 persuadeam.
1005 3832 1098 3895 Haec
1112 3834 1203 3898 onim
1215 3854 1295 3919 psas

203 3921 327 4003 positio
351 3942 408 4000 per
430 3918 656 4003 compendium
677 3917 775 3980 soribi
795 3917 891 3981 solita
915 3936 1010 3999 ssspa
1030 3918 1294 3981 oonfuudisutia

202 4006 284 4069 Mss.
307 4018 339 4071 st
357 4002 440 4067 Edd.
450 4006 587 4086 antiqq.
625 4001 694 4065 -Sed
717 3998 801 4087 παρὰ
821 4022 931 4063 verum
951 4020 1040 4080 esse,
1058 4023 1162 4067 neno
1177 4002 1295 4065 dubiu·

201 4088 293 4153 verit.
337 4087 445 4149 Noster
458 4089 522 4151 hoo
536 4090 625 4149 Dial.
641 4089 766 4168 Catapl.
783 4107 810 4149 o.
827 4092 859 4153 9.
880 4085 999 4147 iterum'
1018 4084 1122 4149 habet
1140 4084 1229 4173 esopi
1250 4083 1294 4153 sit

195 4180 290 4260 βίον,
315 4186 347 4234 es
361 4192 427 4232 uon
444 4177 540 4237 semel
554 4172 642 4239 alibi.
675 4171 799 4238 Aeliae.
812 4171 851 4237 V·
865 4169 907 4234 H·
922 4168 982 4250 IV,
1000 4168 1125 4257 1-de
1138 4166 1241 4241 mim
1251 4166 1293 4239 alr
