2678 4800
207 393 284 469 882
473 396 1042 463 arr-norwicum

205 574 235 711 it
293 551 371 617 Eud.
394 557 417 625 i.
439 556 471 621 9.
501 543 636 636 Ἀγαθόν
663 543 760 634 εἶναι)
785 539 871 608 ¹Hoo
898 543 1136 629 Peripateticis
1158 532 1320 612 xvidetur.

203 682 206 687 -
238 661 317 701 non.
1170 652 1181 664 ⁸

206 832 210 836 ,
293 770 372 833 End.
395 764 627 852 1.11.”οςγι)
656 770 789 837 Mallem
812 762 853 842 iic
872 793 912 850 γε.
943 766 1070 828 Sonare.
1127 762 1315 831 Intercedo.

196 858 270 934 ¹‘s'og
290 882 330 942 γε
349 870 424 938 post
445 855 729 937 interrogationem
753 857 803 912 vel
817 852 1085 919 exclamationem
1099 851 1192 915 bene
1204 852 1313 915 Lucia·

205 966 304 1015 neum
318 956 374 1007 est.
391 939 491 999 Diali.
509 941 610 1000 Deor.
631 938 759 1016 XXVI,
780 946 809 1004 2.
837 934 883 1000 Ori
906 934 1043 1046 §vvespm
1069 927 1240 1021 οἶἘρμῆ,
1261 933 1311 1017 stit

207 1025 323 1110 νομήν·
348 1028 388 1090 oi'
406 1049 448 1108 γε
473 1018 540 1089 οὐδ’
557 1020 687 1102 ὄψονται
700 1038 759 1085 etc.
776 1021 870 1084 Char.
887 1043 913 1083 c.
928 1029 980 1090 24.
1002 1027 1035 1087 Ω
1048 1026 1104 1105 τῆς
1121 1015 1249 1103 ἀνοίας,
1270 1022 1312 1089 oi

203 1105 519 1205 pe'otitti'cnowetc.
549 1109 668 1168 Lnrrnr.
969 1164 971 1173 ,

294 1246 373 1312 Euri.
394 1249 415 1305 l.
432 1252 480 1310 12·
501 1238 637 1307 Ἀκούων
662 1241 827 1328 ἔναιἰίων)
855 1242 928 1303 Hoc
951 1241 978 1302 si
1002 1240 1202 1305 mendosum
1224 1240 1311 1327 qnid-

211 1334 281 1395 dam
295 1331 416 1391 tinnire
429 1327 539 1388 multis
555 1327 703 1409 probem,
727 1325 871 1388 diffidere
886 1326 997 1388 videar
1011 1326 1160 1387 acumini
1173 1327 1309 1390 lecturis.

207 1415 421 1482 ¹scribendum
444 1428 509 1489 est,
532 1428 569 1472 ut
591 1435 648 1472 sua
667 1414 805 1473 Lucieno
826 1434 936 1471 manus
956 1426 1099 1491 constet,
1127 1408 1308 1478 cinctionis·

209 1506 340 1568 αυιίων·
364 1512 451 1560 tanta
472 1497 536 1577 ipsi
550 1499 782 1558 vocabulorum
805 1497 949 1559 inanium
969 1496 1122 1582 stribligo
1140 1496 1306 1559 fueratis·

211 1602 318 1673 gesta,
353 1600 390 1645 ut
415 1581 541 1646 auditio
569 1582 761 1665 quotidiana
787 1603 936 1644 nauseam
962 1581 1132 1644 excitaret.
1185 1582 1305 1643 Demetr.

208 1674 279 1754 περὶ
289 1667 375 1752 ‘Epa
392 1673 419 1748 §.
433 1673 481 1757 15.
499 1671 561 1732 cire
577 1666 743 1740 ἀκούοντες
757 1672 900 1730 ναυτιῶσι
914 1662 963 1730 dcci
976 1664 1009 1731 sd
1025 1664 1204 1733 ἀπίθανον.
1238 1668 1305 1727 Ean

207 1756 366 1839 ioqnendi
396 1754 564 1812 formulam
597 1751 675 1811 alibi
698 1772 827 1833 quoque
850 1752 962 1814 Nostro
987 1752 1169 1833 placuisse,
1212 1750 1305 1814 Index

209 1837 482 1902 commonstrabit.
527 1837 642 1918 Neque
668 1837 791 1898 minus.
813 1850 851 1895 ut
871 1858 1028 1918 auguror,
1052 1835 1138 1896 mihi
1160 1834 1304 1899 successit

209 1927 290 1986 haec
311 1921 512 1993 emendatio,
535 1942 637 2005 quam
647 1920 775 1981 Kartera
791 1922 897 1981 Praei.
915 1920 954 1980 ad
971 1919 1134 1983 Iamblioh.
1157 1920 1305 1985 idemne·

209 2009 360 2071 stitnenti
381 2006 512 2070 verbnm
535 2008 569 2064 in
584 2007 749 2091 Phrynicho
766 2028 796 2087 p·
814 2015 865 2073 32.
883 2009 1045 2070 ἒνιιυτίασα
1064 2014 1159 2072 τοῦτο
1180 2002 1306 2079 ἀκούσας

207 2091 361 2175 τοῦνομα,
392 2090 448 2151 ubi
470 2096 568 2174 vulgo
592 2091 776 2175 legebatur,
805 2085 982 2172 ἠναντίασα.
1018 2089 1093 2165 (Cf.
1119 2090 1254 2155 Lodecir.
1272 2088 1305 2150 td

209 2180 363 2265 Phrynich.
384 2182 405 2238 l.
423 2182 444 2237 l.
464 2199 494 2257 p.
511 2183 581 2242 194.
604 2191 635 2235 et
655 2176 736 2238 Bast.
755 2175 904 2237 Adversa.
925 2174 1005 2236 Mes.
1021 2174 1055 2233 in
1072 2175 1231 2259 Scapulae
1243 2174 1305 2238 edi·

209 2267 300 2326 tione
324 2262 507 2324 Oxoniensi
529 2261 704 2320 novissima
720 2283 743 2325 s.
761 2283 790 2326 v,
805 2264 954 2325 denverois.
977 2261 1124 2339 Lanu.)
1165 2258 1305 2323 Ceterum

210 2363 243 2411 et
264 2349 410 2432 proxima
429 2347 512 2407 vitio
539 2345 680 2406 laborare
713 2347 808 2406 facile
831 2327 1050 2429 quis‘oredat‚
1085 2344 1116 2404 si
1139 2348 1304 2408 lectionem

209 2434 430 2495 Florentinam
453 2445 575 2490 attente
602 2429 831 2504 considerarit;
857 2452 938 2513 quae
958 2429 1088 2515 quidem
1112 2450 1152 2491 eo
1176 2449 1236 2493 nos
1256 2428 1304 2489 dn·

210 2538 282 2578 cere
298 2515 441 2591 videtur,
466 2530 504 2573 ut
519 2516 738 2576 existimemus
754 2519 878 2575 versum
899 2538 1000 2576 unum
1020 2528 1053 2575 et
1067 2515 1158 2575 forte
1180 2520 1303 2577 alterurn

208 2601 360 2685 periisse;
385 2621 456 2658 nam
473 2599 552 2660 istae
570 2599 747 2679 particulae
766 2601 833 2679 napi
849 2601 904 2683 μὲν
922 2596 980 2684 peip
995 2625 1041 2665 τοι
1063 2599 1246 2662 consistere
1258 2618 1304 2659 ns·

210 2698 352 2768 queunt,
384 2684 449 2742 nisi
478 2682 566 2742 aliud
586 2684 752 2765 quippiam
778 2686 1000 2762 antecesserit,
1031 2684 1086 2744 cui
1111 2684 1303 2745 innitantnrt

207 2783 346 2833 veterem
367 2768 556 2850 scripturam
577 2764 680 2830 Aldus
700 2790 739 2829 ex
762 2769 896 2854 ingenio
919 2768 1111 2845 mutaverit,
1134 2768 1303 2853 anscripto

209 2851 338 2932 codice,
360 2868 556 2932 compertum
580 2875 644 2914 non
663 2853 783 2932 habe03
806 2871 915 2916 nostra
928 2858 1038 2917 saltem
1054 2852 1301 2915 membranarum

208 2953 358 3020 excerpta
380 2942 500 2998 nullam
534 2937 666 2998 omnino
690 2938 903 3000 variationem
931 2938 1084 3000 offerunt.
1143 2940 1325 3007 Praeterea,

208 3028 319 3091 dcccciv
334 3021 414 3105 quid
432 3023 467 3082 in
489 3023 549 3082 hac
565 3023 711 3084 oratione
726 3028 848 3100 valeat,
872 3024 1038 3108 explicatu
1051 3044 1214 3107 perquam
1227 3018 1301 3083 diffi-

207 3108 270 3171 cile
284 3106 431 3171 videtnrt
460 3112 595 3192 legerem
610 3108 719 3190 potius
729 3156 738 3186 ,
748 3144 752 3160 ·
763 3112 826 3174 Kc!
839 3136 887 3174 τοι
900 3107 1023 3174 πάντων
1036 3110 1140 3175 issico
1157 3104 1301 3175 moedu-

205 3219 269 3273 scv,
292 3190 338 3258 ὅτι
351 3195 420 3274 περὶ
434 3200 495 3256 cciv
509 3195 552 3258 ἐν.
564 3204 625 3256 etc.
671 3193 732 3254 Sed
750 3193 840 3275 prius
853 3194 929 3255 libri
944 3209 1069 3256 veteres
1086 3192 1122 3254 in
1137 3193 1302 3256 consiliunt

205 3277 330 3340 fuerint
345 3276 541 3355 adhibendi,
565 3278 753 3359 quamcerti
770 3279 940 3364 quicquam
953 3279 1017 3340 hoc
1032 3276 1072 3339 de
1087 3282 1167 3340 loco
1183 3272 1302 3341 deiiniri

204 3364 320 3446 possit.
352 3363 490 3423 Hamas.
559 3360 798 3424 confirmarunt
827 3363 957 3447 quidem
987 3362 1215 3425 Florentinum
1246 3358 1302 3421 dno

205 3446 300 3509 codd.
323 3447 439 3507 Parias.
447 3495 458 3527 ,
486 3446 630 3510 aBelino
655 3445 777 3508 collati.
828 3447 1053 3510 Nihilominus
1072 3444 1160 3509 mihi
1181 3442 1304 3531 quidem

204 3530 337 3607 videtur
360 3552 447 3593 error
469 3531 593 3592 librarii
613 3531 648 3591 in
669 3530 730 3592 hac
751 3532 909 3616 scriptura
929 3532 1075 3611 subesse,
1101 3531 1231 3617 qnippe
1242 3527 1303 3617 qni,

205 3614 464 3678 antecedentium
471 3616 658 3678 verborum:
680 3619 748 3701 περὶ
760 3617 815 3700 μὲν
833 3617 890 3703 peip
905 3626 960 3685 τοῦ
973 3612 1161 3699 aicponetc.
1176 3634 1301 3689 memor,

203 3701 323 3761 similia
335 3700 544 3782 sequentibus
560 3701 742 3765 inseruerit.
785 3702 968 3766 Secundum
985 3698 1233 3767 Aldinam'vero
1245 3712 1304 3761 taur

203 3784 288 3848 bene
309 3783 457 3867 procedit
482 3784 640 3864 narratio,
672 3800 711 3847 ut
733 3786 792 3848 vix
816 3785 907 3848 aliud
932 3784 1157 3871 ‹leptehcndns
1178 3783 1303 3857 vitium,

203 3889 300 3954 quarn
326 3867 414 3952 quod
435 3870 577 3932 auctoris
602 3870 705 3952 ipsius
720 3871 782 3946 sits
805 3871 847 3934 de
867 3893 933 3957 quo
953 3892 1058 3955 supra.
1101 3868 1190 3933 Nanr
1212 3868 1305 3933 stiam

201 3972 315 4018 vocem
336 3958 443 4019 derceio
464 3954 578 4016 lubens
598 3956 771 4038 suscipiam
792 3956 1044 4033 defendendam,
1075 3976 1180 4041 quum
1201 3946 1305 4021 δεινὰ

203 4037 289 4121 opud
305 4039 486 4100 Lucisuum
508 4041 641 4101 omnino
656 4041 722 4100 sint
735 4061 790 4114 ea,
815 4062 898 4125 qnae
918 4046 1082 4127 vulgarem
1099 4038 1235 4103 modum
1248 4058 1306 4103 sx-

186 4121 336 4200 ¹cedunt,
368 4137 464 4206 atque
488 4122 567 4185 adeo
595 4139 728 4208 propter
748 4122 832 4188 hano
856 4126 1021 4188 insolitam
1048 4122 1305 4209 magnitudinem

201 4205 238 4273 in
256 4206 499 4272 admirationem
518 4210 689 4273 incurrunt
705 4214 756 4275 vel
781 4210 983 4278 audientium
1004 4210 1056 4278 tei
1078 4208 1302 4297 spectantiun,
