2678 4800
182 392 258 464 Md
442 400 1012 460 nnsorsrrouus

186 566 391 617 evocatorum
416 570 514 633 opera
539 547 781 632 requirebatur:
806 544 929 609 idcirco
953 549 1144 632 junguntur
1167 568 1187 609 a
1209 546 1301 610 Stro-

189 642 263 704 done
274 636 365 699 XVI.
383 656 416 717 p.
432 641 527 701 1106.
545 634 583 723 A,
606 631 689 714 meod
713 629 745 695 di
763 639 826 707 τοῖς
848 633 983 714 Πέρσαις
1003 634 1035 697 ol
1051 627 1166 741 μόγοι,
1190 634 1300 698 acier-

189 720 387 805 τιυομᾶντεις,
411 719 462 783 καὶ
483 720 525 784 ἔτι
544 719 576 783 ol
595 717 751 802 λεγόμενοι
772 712 1005 800 λεκανομόντεις
1020 712 1299 800 ταὶυδρομᾶντεις

190 806 274 893 παρὰ
298 805 328 869 δὲ
342 811 406 876 τοῖς
425 800 596 886 Ἀσσυρίοις
611 805 642 866 οἱ
656 805 821 866 Χαλδαῖοι·
844 815 882 861 ut
899 800 1031 862 minime
1044 799 1089 860 sit
1104 801 1299 881 mirandum,

191 911 318 974 magum
338 888 476 970 aliquem
499 908 516 945 a
536 886 698 967 Menippo
719 885 821 946 fuisse
841 885 1034 968 expetitum,
1065 885 1129 967 qui
1154 884 1299 947 Tiresias

193 970 385 1036 consulendi
406 971 531 1053 copiam
552 970 616 1031 sibi
644 972 774 1034 faceret.
819 967 917 1031 Haud
940 970 1033 1032 aliter
1058 990 1150 1029 sane.
1171 967 1299 1031 Clemens

192 1060 364 1130 Romanus,
380 1053 428 1116 ¹de
444 1076 508 1137 quo
524 1052 750 1196 quae'prodita
763 1052 902 1137 reperies
917 1052 1018 1115 Clem.
1034 1052 1166 1115 Homil.
1185 1054 1218 1119 I.
1232 1062 1259 1130 5.
1270 1065 1296 1124 3.

194 1158 227 1208 et
242 1145 272 1210 5.
294 1139 334 1200 ad
357 1138 435 1200 haec
454 1159 587 1200 ommno
636 1138 710 1223 igne
736 1152 832 1216 sunt,
858 1156 939 1221 quae
960 1138 1196 1201 conferantur:
1219 1152 1299 1221 post·
1334 1190 1337 1195 .

196 1246 289 1309 quam
310 1222 395 1285 enim
413 1244 431 1283 a
448 1243 548 1304 puero
567 1221 605 1284 de
628 1223 867 1305 immortalitate
893 1220 1018 1282 animae
1039 1219 1123 1305 quid
1146 1220 1299 1285 'statueret

195 1313 337 1372 incertus
352 1307 469 1368 frustra
486 1305 702 1388 philosophos
718 1310 905 1367 altercantes
922 1304 1075 1386 adiisset,
1098 1310 1204 1369 talem
1218 1306 1299 1373 deni·

196 1404 260 1478 que
278 1390 408 1453 consilii
423 1391 577 1451 rationem
595 1390 679 1449 inire
698 1390 823 1473 coepits
861 1394 899 1455 Τι’
914 1379 971 1455 οόν
984 1386 1041 1472 χρή
1056 1399 1180 1472 ποιεῖν,
1201 1385 1300 1497 ἢτοῦ-

195 1503 249 1556 τος
273 1480 316 1551 εἰς
328 1477 485 1563 Αόγυριτον
508 1470 712 1557 πορεόσομαι,
734 1478 788 1541 καὶ
809 1483 872 1551 τοῖς
890 1480 949 1540 τῶν
965 1467 1087 1540 «idcireo
1104 1479 1300 1558 ἱεροφανταις

196 1564 250 1630 καὶ
261 1557 435 1645 προφήταις
458 1551 702 1640 φιλιωθήσομαι,
724 1561 776 1623 καὶ
788 1557 890 1668 μάγον
906 1556 1034 1665 ζτγτήσας
1046 1548 1103 1625 arod
1115 1556 1222 1643 eripuis
1234 1556 1299 1647 χρό-

197 1666 271 1732 μασι
281 1652 404 1720 πολλοῖς
424 1647 533 1722 πείσω,
556 1641 640 1719 όπως
656 1650 760 1726 ψυχῆς
780 1670 984 1727 αναπομπην,
1003 1640 1058 1727 τὴν
1071 1648 1245 1730 λεγομένην
1259 1672 1300 1712 νε·

197 1732 396 1819 προμαντείαν
419 1733 490 1804 (vel
505 1733 760 1812 νεκυομαντεῖον,
781 1743 818 1790 ιιι
840 1729 876 1789 in
890 1730 1042 1811 Epitome
1055 1728 1207 1817 legitur)
1220 1726 1299 1809 ηωῆ.

198 1840 257 1906 σῃ,
280 1819 357 1900 ἐμοῦ
375 1809 416 1888 ὥς
432 1815 499 1896 περὶ
520 1809 695 1898 πράγματός
717 1839 797 1888 τινος
817 1816 1069 1894 πυνθανομένου·
1100 1808 1123 1897 ἡ
1148 1814 1185 1882 dl
1201 1822 1300 1891 πεῦσις

198 1904 279 1968 ἔσται
298 1900 368 1976 περὶ
387 1905 443 1962 cori
464 1908 591 1978 μαθεῖν,
615 1902 642 1963 εἰ
664 1894 820 1973 όθόνατος
838 1892 970 1981 ripere}-
1013 1898 1184 1961 Tiresiam
1202 1915 1299 1962 antem

200 2007 257 2048 cur
281 1983 483 2065 potissimum
511 1982 691 2065 Menippus
723 1982 874 2045 adhibere
902 1984 988 2043 vitae
1007 1983 1174 2067 regendae
1195 1984 1299 2045 dntem

200 2067 405 2138 desiderarit,
436 2068 596 2128 Homerus
617 2081 665 2128 est
687 2065 721 2125 in
743 2088 866 2153 causa,
889 2067 946 2149 qui
970 2068 1111 2148 posteris
1133 2067 1298 2150 persuasit,

199 2155 292 2214 illum
308 2165 429 2230 vatem,
452 2172 515 2233 qua
528 2150 692 2233 praeditus
708 2166 775 2213 erat
790 2151 982 2212 interrivos
999 2150 1191 2213 admirabili
1205 2174 1297 2214 rernm

199 2234 360 2314 sollertia,
385 2235 515 2298 eandem
532 2235 618 2317 apud
633 2236 754 2296 inferos
770 2236 927 2316 integram
942 2234 1163 2317 Proserpinae
1180 2234 1298 2299 benoli-

200 2310 258 2383 oio'
279 2342 493 2383 conservasse.
540 2320 650 2381 Strabo
672 2320 761 2382 XVI.
787 2341 819 2400 p.
836 2323 928 2388 1105.
951 2318 1009 2379 ubi
1032 2317 1151 2401 docet,
1186 2334 1296 2405 quanto

201 2426 298 2486 opere
318 2405 439 2467 vetusti
463 2404 609 2465 homines
625 2425 642 2462 a
657 2405 802 2464 Deorum
823 2419 904 2463 nutu
917 2401 1156 2487 pependerint,
1173 2405 1295 2467 itascri·

199 2489 271 2550 bit:
293 2488 345 2552 καὶ
367 2486 419 2556 dsoi
440 2497 530 2554 τοῦτο
553 2490 602 2552 καὶ
619 2490 650 2551 οἶ
668 2483 791 2571 μάντεις
811 2489 969 2570 ἐτιμῶντο,
993 2484 1067 2563 ὄςτε
1088 2492 1146 2556 eol
1158 2490 1297 2575 manche

198 2569 377 2653 ἆξιοῦσθιι,
403 2565 446 2649 εἷς
460 2570 496 2637 τὰ
513 2569 596 2655 παρὰ
616 2579 676 2636 τῶν
692 2579 776 2638 θεῶν
793 2568 866 2655 ἡμῖν
880 2575 1057 2659 ἐκφέροντες
1074 2577 1297 2663 παραγγέλματα

199 2660 252 2724 καὶ
271 2657 512 2743 ἐπανορθώματα
534 2658 586 2722 καὶ
608 2660 716 2732 ζῶντες
737 2660 789 2723 καὶ
809 2651 1032 2734 ἀποθανόντες·
1055 2657 1206 2744 καθάπερ
1224 2650 1298 2733 arslo‘

204 2745 374 2825 Τειρεσίας,
400 2748 450 2830 Τῷ
465 2744 516 2808 καὶ
529 2746 677 2823 τεθνηῶτι
694 2739 769 2809 νόον
783 2738 859 2826 πόρε
876 2739 1087 2829 Περσεφόνεια
1112 2748 1297 2832 oramus

201 2837 294 2893 σθαι·
317 2828 365 2890 rol
381 2826 413 2893 dd
429 2829 511 2892 curel
531 2820 684 2892 dlaconus·
707 2826 869 2888 notissimi
885 2842 961 2888 suut
974 2826 1093 2910 poiitae
1105 2849 1221 2891 versus
1236 2824 1296 2889 Od.

137 2956 140 2961 -
201 2918 249 2990 K,
267 2916 342 2980 494.
380 2910 573 2976 viamen.
593 2909 725 2972 a'dSrat.
746 2911 969 2981 Th‚1v.443.
1010 2911 1083 2974 Nec
1123 2911 1298 2975 rimnshoo

199 2997 342 3058 muueris
360 2996 507 3058 Tiresiae
528 2997 692 3057 Lucienus
718 2995 890 3077 imposuit:
927 3016 1000 3058 nam
1024 3018 1087 3078 apu
1139 2998 1299 3061 Horatium

199 3099 330 3163 quoque
354 3081 389 3140 in
415 3082 472 3144 illa
500 3080 695 3143 facetissima
722 3078 797 3140 libri
821 3081 863 3146 It.
896 3082 1083 3159 Sermonum
1110 3084 1237 3167 Eulogo
1259 3080 1295 3143 V.

197 3165 312 3246 Ulyssi
336 3167 502 3249 quaerenti
523 3164 561 3227 de
589 3164 706 3246 opibus
731 3164 819 3224 omni
839 3166 984 3226 machina
1007 3163 1216 3229 comedendis
1235 3180 1296 3227 tam

196 3249 278 3310 scite
292 3249 476 3330 respondet,
500 3253 610 3331 itaque
625 3270 727 3309 rerum
739 3270 921 3331 superarum
938 3273 971 3311 se
984 3250 1126 3331 peritum
1143 3248 1295 3329 ostendit,

196 3348 234 3394 ut
253 3339 468 3395 consultorem
488 3334 728 3417 prudentiorem
749 3331 836 3393 haud
854 3335 950 3397 facile
967 3333 1121 3418 requiras.
1166 3336 1224 3395 Do
1242 3332 1296 3395 Ti·

192 3418 278 3478 resia
293 3438 369 3479 vero
385 3423 483 3480 multa
505 3436 572 3478 non
588 3416 724 3499 protrita
746 3418 845 3479 refert
861 3418 1007 3482 Eustath.
1025 3417 1067 3479 ad
1084 3416 1151 3481 Od.
1166 3426 1208 3485 K.
1226 3438 1293 3503 pag.

195 3508 288 3571 1665.
311 3502 450 3566 Hsmsr.
495 3498 604 3564 Nimia
618 3499 831 3564 Hemsrerlrusii
844 3502 1010 3581 doctrina,
1032 3516 1195 3589 quatenus
1212 3518 1295 3565 carte

194 3584 227 3649 h.
245 3591 267 3647 1.
288 3585 412 3668 judicio
436 3588 554 3648 obfuit.
599 3587 653 3647 De
676 3586 798 3648 Tiresia
819 3588 922 3662 enim,
946 3609 963 3648 a
987 3589 1155 3671 Menippo
1178 3588 1214 3648 iu
1234 3586 1297 3649 hoc

192 3669 276 3730 libro
301 3671 335 3730 in
360 3672 528 3732 consilium
555 3685 689 3747 vocato,
715 3671 854 3731 contulit
876 3673 1070 3733 lectissimus
1090 3674 1145 3733 vir
1168 3670 1297 3735 Strabo·

192 3778 273 3828 nem,
299 3757 439 3818 contulit
454 3757 633 3831 Hor-arium,
657 3755 799 3815 contulit
813 3756 911 3833 alios,
979 3779 1042 3841 que
1058 3771 1165 3817 tamen
1183 3770 1296 3819 contu·

190 3838 232 3897 lit
256 3837 340 3900 idem
357 3840 526 3903 Lucienum
551 3841 671 3923 ipsum,
694 3840 871 3924 qui-Diall.
937 3856 1010 3903 ortt.
1027 3840 1188 3921 XXVIII.
1208 3839 1296 3902 huuc

192 3921 298 4005 ipsum
320 3938 424 3986 vatem
445 3925 525 3987 adeo
551 3923 691 4001 deridet,
725 3939 763 3985 ut
785 3927 933 4007 profecto
958 3947 1025 3986 non
1048 3924 1198 4003 videam,
1231 3946 1295 4011 qno

189 4006 318 4069 taudem
338 4009 432 4072 modo
456 4009 525 4071 fieri
550 4011 711 4092 potuerit,
734 4023 769 4070 ut
790 4009 874 4070 idem
894 4010 1073 4095 Lucienus,¹
1115 4012 1153 4073 ni
1175 4012 1212 4070 iu
1237 4012 1293 4073 illo

188 4088 318 4175 dialogo
333 4094 487 4155 Tiresiam
503 4095 587 4156 inter
603 4108 701 4169 vates,
724 4092 757 4153 h.
774 4113 801 4153 ε.
819 4092 985 4156 mendaces
1003 4094 1079 4183 (sub
1092 4033 1169 4181 dn.)
1183 4086 1293 4171 referi,

185 4177 242 4258 qui
267 4178 334 4240 fere
356 4176 440 4240 nihil
460 4181 530 4238 sani
554 4184 567 4257 (
575 4173 662 4245 otidis
677 4173 779 4263 ὑγιὲς)
801 4168 906 4264 loquix
921 4180 1169 4259 consueverint,
1206 4180 1293 4241 huno
