2678 4800
169 374 246 445 406
414 388 1004 447 -auuorsrrouus
1338 369 1339 460 ι

171 537 328 622 conjungi
343 555 454 619 posse,
478 555 573 596 nemo
589 533 684 594 facile
699 537 876 617 negaverit.
920 535 1070 614 Eandem
1087 537 1168 601 loci
1182 532 1283 623 eispli·
1336 507 1339 586 Ι

170 622 268 685 candi
284 624 440 684 rationem
458 619 537 679 iniit
555 621 591 680 T.
608 619 644 681 F.
658 619 845 687 Benedictus.
889 621 955 687 Sed
968 644 1072 707 quom
1086 644 1154 706 pro
1173 622 1284 703 edenda

172 721 280 768 tamen
294 706 360 791 legi
381 708 452 775 rult
466 701 643 781 τοιούτους,
666 705 804 764 nimium
821 726 897 769 sane
917 706 1082 769 aberravit
1094 730 1116 770 a
1132 710 1282 809 vestigiis

172 791 369 853 inveteratae
396 789 594 869 scripturae,
622 802 670 866 et,
700 788 735 848 id
758 788 847 870 quod
869 796 971 874 majus
988 807 1059 870 est,
1092 812 1112 853 tt
1137 794 1284 878 legitima

172 896 304 961 qnoque
320 873 525 938 Graecitate„
554 873 672 933 Saltem
695 873 942 952 exspectabatur
955 890 1022 936 tum
1040 874 1218 955 τοιούτους
1230 874 1283 945 dt·

171 984 235 1035 τας.
280 955 435 1020 Concidit
460 957 507 1016 sic
530 957 626 1018 etia‘m
645 957 693 1019 Jo.
718 957 839 1040 Stageri
857 963 1044 1041 conjecture
1065 958 1151 1039 rotie
1172 966 1283 1049 Alyss-

171 1046 256 1120 ςίοος
274 1040 389 1120 αὐτῶν,
410 1046 538 1125 prolata
561 1041 617 1102 illa
636 1042 672 1102 in
694 1041 795 1103 Class.
817 1043 931 1107 Joum.
946 1044 990 1109 N.
1004 1044 1069 1110 xl.
1091 1066 1129 1111 tt.
1146 1054 1247 1119 1812.
1255 1070 1281 1133 P·

174 1134 246 1199 154,
282 1128 402 1191 Lanu.

256 1210 337 1274 End.
352 1215 375 1275 l.
392 1218 422 1280 8.
448 1205 494 1275 ol
506 1205 591 1274 naiso
602 1235 631 1275 τι
644 1202 685 1292 ἦν
698 1207 824 1298 ῥᾴδιον)
847 1209 983 1280 Garates,
998 1210 1040 1275 ad
1054 1215 1219 1284 Antonin,
1232 1218 1282 1283 vt

155 1304 158 1309 '
173 1300 202 1379 ς.
217 1303 270 1365 24.
285 1295 343 1356 ubi
357 1295 472 1356 horum
486 1298 586 1356 multa
601 1296 742 1377 profert,
765 1296 895 1376 scripsit
908 1293 947 1362 οὖ
961 1294 1047 1363 reciso
1059 1291 1106 1383 ἦν
1121 1326 1155 1367 τι
1171 1298 1282 1391 ῥᾴδιον
1310 1344 1316 1355 .

173 1381 417 1459 malefactum,
441 1380 469 1438 si
494 1379 533 1439 de
547 1380 707 1440 industria
731 1381 891 1460 separavit
903 1382 1103 1459 particulas,
1130 1408 1219 1471 qnae
1233 1389 1283 1448 Aa·

174 1465 241 1527 tico
261 1485 350 1526 more
372 1464 527 1546 conjungi
549 1468 673 1539 solent,
697 1478 734 1525 ut
750 1466 879 1524 monuit
896 1467 941 1526 H.
957 1467 1060 1550 Steph.
1076 1473 1173 1553 App.
1192 1471 1234 1535 de
1243 1474 1282 1535 D.

173 1552 214 1610 A.
229 1568 262 1633 p.
278 1555 331 1617 74.
376 1550 477 1631 Saepe
493 1549 618 1612 Noster:
641 1547 737 1608 Char.
753 1556 840 1617 c.12.
855 1550 937 1611 Dion
955 1550 1060 1637 Chrys
1075 1554 1189 1619 initio
1204 1556 1283 1621 Chr·

173 1631 307 1696 ridemi:
332 1628 633 1708 criminosissimis
648 1631 855 1716 intorsissem.
885 1637 1023 1697 Humsn.

257 1718 333 1801 Peg.
350 1727 401 1787 23.
416 1721 437 1778 l.
454 1725 486 1785 2.
507 1714 639 1802 Ἀμέλει)
661 1719 697 1778 P.
712 1720 751 1778 L.
769 1733 801 1779 et
823 1719 873 1780 ed.
893 1720 922 1780 J.
940 1716 1012 1796 dicre
1026 1742 1090 1805 pro
1108 1718 1218 1811 dpllss
1231 1724 1283 1787 hs-

173 1801 261 1870 bent.
293 1805 421 1864 Sosin.
464 1802 607 1884 Recepta
628 1825 685 1884 per
707 1801 867 1864 editiones
894 1805 1282 1949 interpunctio,fcrtasse

198 1907 295 1949 tucos
316 1886 477 1958 offendet,
500 1908 605 1969 neque
627 1888 696 1969 ipse
717 1901 835 1948 temere
855 1909 969 1951 moveo
993 1911 1044 1950 am
1064 1902 1207 1975 putente
1232 1894 1281 1955 ni.

173 1908 373 2050 dilominus,
390 1971 417 2030 si
432 1992 481 2033 res
497 1973 560 2033 mei
574 1971 616 2033 sit
630 1971 773 2051 arbitrii,
797 1971 882 2032 hanc
894 1987 1016 2055 perlem
1031 1996 1146 2061 utque
1158 1979 1202 2041 nd
1215 2004 1280 2065 seps·

175 2053 352 2138 φοιοόοτωο
371 2054 576 2138 praecedenti
599 2056 738 2119 membro
762 2056 895 2140 adjungi
919 2058 1048 2140 malim3
1088 2076 1163 2123 tum
1188 2085 1278 2146 porro

174 2140 399 2227 subsequentis
420 2141 579 2201 orationis
603 2141 733 2201 initium
752 2140 861 2202 addita
882 2142 1060 2223 particula,
1088 2150 1277 2229 quaeincils

174 2224 365 2288 creberrimo
387 2225 461 2287 vitii
482 2247 597 2309 genere
617 2225 725 2310 fugari
745 2225 872 2308 potuit,
894 2230 1188 2311 locupletaverint,
1209 2227 1276 2315 sirei·

174 2334 253 2393 ρουν
269 2300 327 2376 οὖν
341 2308 419 2393 node
433 2306 581 2391 ἐμαυτόν·
604 2309 650 2370 sic
665 2306 767 2391 ἀμέλει
785 2309 1000 2382 decentiorem
1014 2317 1128 2374 locum
1145 2336 1274 2400 occupa·

173 2392 242 2470 bit,
266 2410 298 2457 et
320 2396 450 2455 articuli
474 2391 770 2476 comprehensionis
794 2395 939 2478 integrae
959 2396 1102 2480 justiore
1115 2420 1209 2463 nexu
1222 2422 1274 2463 co-

172 2477 360 2544 haerebunt.
404 2480 522 2540 Verum
536 2474 658 2545 πάντων
674 2474 789 2561 ὁμοίων
801 2483 946 2563 legatur,
969 2503 1010 2541 an
1023 2480 1156 2549 πάντων
1172 2480 1273 2571 ὁμοίως

173 2562 310 2647 φοβερόν
335 2589 363 2626 τι
387 2565 441 2627 ναὶ
461 2561 604 2628 διάκενον
625 2564 827 2647 detinuerimus,
849 2584 1019 2646 perparum
1042 2567 1206 2635 interest:
1233 2571 1272 2630 sic

173 2660 279 2708 tamen
298 2646 348 2708 ed.
362 2648 528 2728 princeps,
550 2647 660 2709 addita
683 2662 758 2732 post
778 2643 892 2730 ὁμοίως
911 2654 1033 2732 majore
1044 2649 1270 2717 distinctions:

172 2728 260 2793 nude
275 2745 381 2793 ortum
400 2730 546 2811 videtur,
568 2746 606 2794 ut
620 2731 824 2815 postmodum
842 2728 957 2817 ὁμοίως
968 2736 1005 2795 in
1022 2729 1146 2819 ὁμοίιον
1157 2752 1270 2801 mutes·

173 2814 250 2877 dum
271 2813 464 2877 censuerint.
494 2816 634 2880 Hausr.
678 2820 802 2880 Revera
826 2818 888 2897 sio,
908 2833 947 2879 ut
960 2818 1192 2887 Hminem
1214 2826 1269 2907 pla·

172 2913 241 2975 cet,
276 2899 464 2985 interpungi
489 2901 586 2967 video
609 2903 644 2962 in
665 2905 703 2966 Β.
731 2911 760 2970 1.
816 2903 934 2986 Neque¹
954 2917 1062 2966 tamen
1080 2907 1209 2991 legitur
1231 2902 1270 2967 ili

170 2979 313 3069 ἠπόρουν
334 2980 405 3051 οὖν
426 2983 504 3068 πρὸς
516 2985 662 3071 ἐμαυτόν·
686 3008 748 3071 qua
770 2987 930 3071 particula
946 2984 987 3048 ad
1000 2988 1135 3053 facilem
1152 3006 1270 3055 sertus·

171 3069 289 3130 tiarum
311 3090 430 3132 nexum
460 3068 663 3133 efficiendum
683 3091 744 3132 nec
770 3070 851 3132 mihi
875 3070 1021 3145 ridemur
1040 3094 1154 3137 carere
1198 3078 1270 3137 nite.

172 3152 323 3216 Ceterum
346 3155 381 3214 in
406 3154 477 3216 cod.
494 3144 587 3227 2957.
612 3156 686 3217 voci
708 3154 843 3240 φοβερὸν
866 3176 932 3217 non
954 3157 1067 3239 inepte
1089 3096 1271 3245 praedgitnt

170 3243 305 3320 copula,
331 3259 412 3323 quae
430 3240 464 3299 in
480 3240 634 3303 crebriori
646 3238 786 3322 ejusdem
805 3239 1002 3323 repetitione
1017 3242 1117 3305 facile
1131 3242 1167 3307 h.
1182 3248 1207 3308 l.
1222 3242 1271 3305 ab·

171 3323 294 3384 sorberi
315 3323 438 3408 potuit.
484 3323 583 3407 Quod
608 3339 714 3385 autem
731 3324 855 3387 Belinus
871 3317 971 3408 ἀμέλει
984 3345 1044 3407 per
1063 3352 1127 3410 per
1147 3323 1273 3411 example

169 3404 262 3469 reddi
277 3409 408 3487 maluit,
433 3428 545 3491 quem,
571 3407 837 3493 quemadmodum
855 3410 995 3471 Latinus
1012 3411 1189 3495 interpres,
1209 3414 1273 3499 puin

169 3492 249 3569 imo,
271 3495 387 3555 melius
411 3494 560 3576 profecto
576 3494 739 3555 tacuisset.
785 3493 913 3577 Quodsi
929 3508 1036 3556 tamen
1054 3493 1111 3557 cui
1127 3498 1274 3643 praepla-

170 3590 242 3637 ceat
262 3578 413 3656 videlicet,
437 3578 565 3658 scilicet,
589 3591 730 3656 vertere,
760 3599 811 3643 me
831 3576 961 3662 quidem
984 3579 1013 3640 is
1034 3599 1113 3661 uon,
1155 3578 1276 3645 abnuit

169 3661 252 3723 refra
276 3678 393 3729 antem.
426 3663 545 3724 Leuat.

253 3684 331 3807 {aa
345 3751 368 3808 l.
383 3754 412 3815 6.
440 3744 500 3813 Τὸν
513 3751 651 3831 μεταίτην
663 3743 771 3833 Ἶρον)
793 3747 917 3811 Homer.
933 3744 1053 3828 Odyss.
1068 3756 1111 3815 Σ.
1133 3748 1249 3813 Baton·

142 3883 146 3889 .
254 3827 332 3896 ibid.
353 3823 428 3899 Ἀπό
442 3841 499 3898 τοῦ
515 3838 554 3897 Φ.
572 3837 625 3918 β.)
648 3832 698 3893 Ab
716 3835 867 3895 Alcinoo.
887 3830 1007 3913 Odyss.
1023 3838 1068 3898 H.
1088 3834 1206 3899 Bnon.
1238 3882 1243 3889 -

252 3913 331 3978 End.
346 3920 366 3980 l.
381 3925 411 3983 7.
443 3921 610 4002 Πνρῤίοιν)
631 3916 708 3980 Vid.
727 3916 765 3979 de
787 3915 871 3980 Salt.
896 3937 923 3979 o.
943 3922 993 3984 19.
1016 3926 1052 3980 et
1072 3918 1164 3985 Tim.
1183 3924 1276 3987 ⁶022

167 3994 227 4057 ubi
247 3998 287 4059 de
303 4021 341 4061 eo
358 4000 479 4062 dictum
496 4019 554 4063 est.
598 4001 663 4068 Sed
679 4000 825 4083 quis'ille
845 4000 965 4063 nobilis
980 4020 1108 4086 coquus
1123 4004 1162 4065 iu
1178 4002 1279 4065 histo·

166 4082 242 4145 ria?
265 4084 330 4143 nisi
345 4086 454 4149 forsan
474 4086 512 4147 ad
529 4087 735 4151 Geminorum
750 4106 872 4170 coquos
889 4084 1025 4167 alludit,
1047 4085 1090 4151 de
1104 4083 1278 4173 quilius
1313 4111 1314 4166 j

166 4166 321 4232 Athenaeo
338 4168 420 4232 dixi.
456 4173 583 4235 Sousu.
1077 4196 1082 4205 ·
1309 4198 1313 4217 ¹
