2678 4800
202 387 279 466 650
468 403 1035 461 sororsmrortns
1161 428 1166 439 ·

203 553 264 643 ἄρα
276 561 376 625 τοῦτο.
420 555 562 619 Gesnerus
579 555 659 641 legit
678 559 802 635 τοῦτον,
825 568 864 616 ut
885 551 1059 637 effugietur
1081 555 1301 623 soloecismos.

203 636 268 706 Sed
283 650 357 704 ecca
371 639 428 702 lib.
444 641 522 701 ΧΠ.
537 661 566 705 c.
580 648 635 709 60.
658 639 697 702 de
712 660 886 724 congressu
907 635 1068 718 Dionysii
1091 654 1126 702 et
1137 639 1302 725 Philippi,

205 727 322 794 Πολλοὶ
337 724 392 807 μὲν
404 715 479 801 τόν,
503 719 545 801 ὥς
557 722 655 800 slede,
675 727 729 790 stul
740 723 825 789 ἄλλοι
837 721 923 807 λόγοι
936 722 1133 807 ἕπὲρῤεασαν.
1156 726 1193 790 ἒν
1207 726 1304 804 discit

202 812 376 887 ιιαόὲνιῖνο.
417 808 606 870 Posceretur
619 811 751 885 ἐκεῖνος,
774 806 865 893 λόγος
883 826 1006 889 nempe·
1050 808 1095 868 Et
1117 807 1205 871 haec
1226 833 1302 874 com·

203 890 443 957 municsbsmus
460 890 623 979 quondam
638 915 709 953 cum
727 893 831 952 smico
846 906 958 953 nostro
972 889 1226 970 eruditissimo,
1242 896 1301 959 Joc.

201 976 373 1052 Petronio,
397 974 437 1037 sd
448 976 576 1041 Aeliani
588 981 695 1038 locum
708 978 765 1042 lib.
778 976 868 1037 XIV.
883 997 911 1036 o.
928 982 980 1045 87.
1003 977 1061 1058 qui
1081 982 1188 1083 vulpe
1202 980 1251 1041 sic
1261 985 1302 1042 ls-

203 1062 306 1153 gitur,
320 1054 409 1126 Ἔστι
421 1057 480 1168 yrip
494 1087 523 1126 τι
535 1070 601 1138 ταῖς
609 1066 810 1149 χειρουργίαις
830 1055 947 1145 σοφόν,
974 1061 1029 1125 ecl
1049 1061 1082 1127 lv
1102 1084 1238 1141 τουτοις.
1258 1064 1303 1129 ssl

201 1144 300 1229 moliti
310 1144 366 1229 pir
380 1149 433 1211 stul
454 1153 528 1211 ullu
548 1144 676 1212 δόναταί
691 1172 736 1225 τις
753 1150 944 1231 καταγνῶναι
960 1145 1068 1228 ἔχοντα
1084 1145 1203 1233 ταύτῃ,
1229 1149 1302 1216 istil

200 1228 267 1321 τοῖς
279 1231 333 1297 ml
351 1228 448 1297 όιιιῖνο
463 1244 525 1293 etc.
565 1231 735 1315 Ilejiciunt
750 1229 870 1293 eruditi
894 1228 1302 1335 Fabrumlegentcmffirsp-

201 1312 1003 1483 erut-ctcoarteretur:
1025 1318 1302 1465 :teratu

202 1483 238 1545 in
254 1480 421 1561 ἔντοότοις
432 1504 581 1558 sensum
604 1504 710 1568 neque
726 1483 812 1547 enim
829 1481 864 1543 id
879 1483 955 1544 sstis
969 1483 1139 1546 commode
1153 1488 1197 1547 sd
1221 1484 1302 1571 ἆγᾶι.

214 1572 217 1577 ’
261 1593 281 1633 α
295 1582 329 1631 et
341 1568 477 1645 εἰκόνας,
499 1560 670 1654 dequibus
682 1567 867 1651 praecessit,
887 1567 999 1630 referri
1014 1588 1112 1650 posse
1124 1584 1223 1651 puto.
1243 1572 1302 1634 Mi.

200 1594 400 1716 bi'censetcr
414 1650 557 1714 tollenda
573 1668 648 1734 post
664 1654 697 1720 lv
709 1651 843 1731 τοότοις,
865 1652 921 1712 illa
936 1656 1032 1718 ssi-elo
1046 1648 1168 1736 στιγμὴ,
1193 1653 1302 1743 (qusm

201 1736 299 1817 etiarn
316 1757 383 1819 non
397 1736 546 1822 agnoscit
563 1738 710 1800 Romana
725 1736 851 1821 editio)
872 1749 905 1798 et
919 1737 1024 1797 omnis
1047 1736 1093 1797 ita
1112 1756 1301 1804 connecten.

201 1818 241 1897 da
249 1842 260 1901 3
282 1818 407 1883 Habent
418 1824 495 1884 enim
508 1820 564 1883 doe
578 1839 678 1905 ortes,
700 1846 776 1908 quoe
788 1824 985 1906 marsupium,
1008 1820 1129 1905 aliquid
1150 1830 1302 1908 sapientir3

199 1898 361 1990 inbecillis
374 1905 536 1986 (artibus)
551 1906 647 1968 multa
667 1906 784 1992 quidem
798 1924 825 1969 et
846 1909 932 1967 varia
945 1909 1011 1993 quis
1032 1910 1131 1991 possit
1148 1908 1301 1992 depreben-

200 1984 268 2051 dere
280 1994 325 2051 ito
337 2015 397 2051 sese
409 1990 548 2052 babentia
555 2016 568 2073 ,·
589 1995 665 2054 inter
678 1993 750 2054 boec
763 2016 830 2054 vero
849 2007 876 2051 et
896 1989 976 2051 illud
986 2004 1049 2052 etc.
1073 1985 1148 2057 -Ἐν
1169 1990 1301 2079 τοῦτοις,

199 2071 264 2136 boc
285 2088 351 2153 est,
375 2076 408 2143 ἔν
426 2079 629 2161 χειρουργίαις
651 2076 756 2139 omnis
780 2075 918 2161 generis.
968 2071 1095 2150 Τοότοις
1116 2091 1229 2140 autem
1249 2102 1298 2163 pro

198 2152 340 2239 ταόταις,
365 2160 473 2243 quslis
487 2162 541 2221 illa
557 2165 720 2246 exempla,
742 2183 821 2306 (ime
845 2175 878 2223 et
895 2158 982 2241 apud
1003 2159 1093 2221 bunc
1115 2164 1298 2246 scriptorem

199 2242 417 2307 etLucicnum
431 2260 576 2306 nostrum
597 2267 693 2329 supra
712 2247 748 2308 vi
771 2245 864 2306 imus.
909 2244 1077 2306 Caeterum
1107 2250 1216 2309 nolim
1237 2250 1296 2335 quis

199 2326 383 2408 existimet,
406 2328 486 2391 baec
501 2329 548 2390 ita
564 2353 614 2393 ms
627 2331 755 2407 afferre,
780 2329 872 2413 quasi
893 2327 1089 2390 contendere
1114 2334 1234 2412 velim,
1253 2356 1296 2413 es,

199 2432 281 2499 quse
298 2433 339 2474 ex
355 2413 501 2497 antiquis
516 2415 729 2496 scriptoribus
744 2436 804 2497 pro
829 2414 955 2476 vitiosis
977 2414 1120 2495 protuli,
1143 2418 1296 2480 verissimo

199 2516 269 2560 esso
283 2496 402 2559 vitiosa
418 2498 545 2560 omnis:
567 2500 679 2581 potius
693 2497 773 2561 haec
794 2498 922 2562 erudito
939 2497 1052 2559 lectori
1072 2498 1235 2563 hactenus
1249 2524 1295 2565 er·

197 2578 292 2642 bibui
308 2594 341 2642 et
355 2581 529 2663 proposui,
552 2596 590 2642 ut
605 2583 702 2644 simul
715 2582 883 2667 profitear,
905 2604 966 2659 me,
989 2582 1017 2642 si
1032 2583 1114 2664 qnid
1128 2588 1239 2649 minus
1252 2586 1295 2647 di-

197 2664 338 2755 ligenter
353 2667 587 2749 perspexerim,
612 2668 760 2731 lubenter
781 2669 913 2730 meliors
935 2665 1044 2728 doceri
1070 2672 1158 2731 velle
1177 2692 1198 2732 a
1220 2692 1294 2757 quo·

198 2742 345 2831 c'uuqr're,
369 2749 515 2833 quicum
531 2766 660 2815 nostrae
682 2754 716 2812 in
730 2752 781 2812 his
801 2753 906 2814 literis
927 2749 1148 2814 mediocritati
1170 2776 1294 2819 succut-

197 2824 285 2914 iere,
308 2846 376 2894 tum
394 2833 446 2893 bis
464 2834 545 2919 ipsis
557 2837 660 2898 literis
674 2835 760 2897 baud
777 2837 924 2897 inutilem
939 2854 1056 2897 navare
1071 2857 1215 2919 operam,
1237 2860 1292 2903 non

198 2931 349 3003 gravatus
364 2916 473 2985 fuerit.
495 2918 536 2980 In
552 2921 632 3003 ipsis
647 2922 753 3003 politis
770 2942 901 3004 qnoque
922 2942 939 2980 s
955 2921 1194 2986 recentioribus
1209 2926 1292 2989 Grss·

199 2998 433 3088 cismsgistris,
456 3023 497 3065 ne
511 3002 551 3067 de
563 3006 743 3070 Aristarcho
760 3006 897 3088 aliisque
915 3003 1077 3066 veteribus
1103 3006 1239 3073 Criticis
1253 3014 1292 3071 lo-

221 3094 295 3164 os'r,
333 3091 490 3148 nonnulla
519 3110 579 3172 pro
608 3090 745 3152 soloecis
773 3104 883 3151 notatu
909 3102 1004 3149 sunt:
1035 3091 1292 3172 quemadmodum

196 3104 435 3251 debellasset-um
448 3173 482 3231 in
499 3194 554 3234 eos
571 3175 667 3236 lectio
681 3174 759 3235 satis
775 3187 926 3236 testatum
950 3171 1086 3235 cuilibet
1101 3177 1211 3242 fscere
1231 3198 1291 3263 pos·

195 3254 250 3316 rit.
294 3256 351 3323 Sic
366 3256 459 3335 ¹vetus
474 3256 657 3322 scholiastes
671 3258 798 3324 Homeri
815 3278 995 3340 anonymus
1010 3255 1050 3318 sd
1068 3257 1152 3324 brec
1167 3284 1210 3327 ex
1223 3265 1291 3331 lLl.

194 3358 226 3406 ν.
243 3344 319 3412 598.
665 3360 668 3365 '

219 3416 223 3421 ⁵
829 3461 873 3479 -
893 3423 934 3494 οό
945 3429 975 3493 τό
985 3453 1025 3514 ps
1041 3425 1155 3516 ταότιγς

572 3508 762 3600 Χρετότιμῆς
780 3546 824 3560 -

194 3608 308 3673 motat,
334 3593 369 3657 id
382 3617 449 3661 esse
464 3599 659 3683 σολοικισμόν
681 3598 764 3685 παρὰ
782 3594 837 3675 τός
855 3595 1001 3677 τττοόαεις·
1032 3597 1184 3666 debuisse
1204 3602 1292 3669 nimi-

192 3699 266 3739 rum
288 3680 452 3744 Homerum
475 3682 600 3764 dicere,
628 3683 694 3751 οότι
736 3712 766 3750 οι
787 3683 897 3768 ταύτης
918 3683 994 3770 χρεόν
1013 3693 1113 3771 τιμῆς·
1144 3688 1291 3753 S‘nniliur

195 3762 310 3827 scribit
328 3765 413 3829 idern
428 3783 663 3831 commentator
685 3713 779 3837 still.
795 3776 833 3836 K.
850 3792 881 3834 v·
896 3778 950 3845 43.

361 3850 453 3934 Xoeoi
470 3859 581 3938 βουλῆς
595 3855 645 3937 ἐμὲ
656 3861 708 3921 καί
723 3877 764 3923 σε.
785 3890 829 3906 -

88 4006 93 4011 ,
191 3931 245 3995 An
266 3954 345 3997 vero
369 3957 480 3999 revera
498 3938 577 4002 haec
601 3940 726 4003 locutio
755 3942 799 4003 sit
817 3945 963 4018 soloeca,
992 3964 1059 4007 non
1081 3942 1210 4029 judico.
1250 3936 1289 4008 H.

192 3998 362 4111 Stephanus
374 4037 484 4084 censet
497 4046 566 4087 esse
580 4025 797 4087 accusativum
813 4048 874 4111 pro
889 4027 1019 4092 dativot
1042 4029 1123 4175 prid
1141 4053 1220 4095 vero
1234 4030 1288 4093 boc

191 4104 417 4179 stoloecismo
434 4105 581 4185 differat,
605 4131 671 4171 non
685 4109 793 4173 video.
839 4114 944 4176 Forte.
961 4118 1043 4200 quite
1067 4136 1118 4176 sm
1140 4131 1190 4180 est
1203 4116 1289 4197 ellip·

192 4182 370 4293 lffissz‘cujus
390 4192 474 4253 ratio
500 4193 643 4297 nondum
658 4195 701 4256 sit
724 4198 820 4281 plane
839 4214 1018 4301 perspecta,
1047 4198 1179 4301 'Rutilio
1195 4200 1289 4305 ¹rntjo·
