2678 4800
217 370 294 445 &4
479 370 1048 431 tnnorsrrosas

216 559 250 619 p.
262 541 314 603 77.
329 530 366 599 A.
383 530 423 597 B.
445 525 485 588 ds
498 523 695 588 Gammatico
707 535 851 605 usurpat.
895 522 961 584 Hic
975 538 1083 587 sutem
1099 524 1315 593 Grammaticos

216 618 376 701 intelligi,
399 635 465 674 non
481 615 651 686 atriensem,
675 623 732 669 aut
749 629 829 691 quos
846 629 905 669 nos
921 610 1117 693 Magnarum
1141 612 1314 676 Secretorior
1336 632 1338 645 ¹

217 706 371 780 dicimus,
395 713 450 759 aut
463 722 483 756 o
497 694 679 770 rationibus,
703 693 871 773 sequeutia
886 698 1072 774 postulant,
1097 696 1134 755 iu
1153 696 1311 779 quibusst

218 786 424 873 Γραμματικοὶ
436 780 592 855 audiunt,
616 793 648 839 et
662 800 732 837 cum
749 777 951 839 Rhetoribus
966 778 1254 865 Philosophisqus
1266 783 1311 843 in-

218 890 266 938 ter
294 873 405 933 doctos
429 864 685 945 πεπαιδευμένους
707 882 830 944 semper
852 879 1093 927 enumerantur.
1136 866 1221 941 vid.
1244 868 1308 929 Xer.

203 959 327 1037 ,Symp
342 958 492 1037 pag.516.
508 952 567 1009 lin.
587 956 635 1015 10.
659 948 785 1009 Sonsrr.
833 945 865 1009 C.
882 947 918 1009 G.
933 947 1066 1011 Jacobm
1082 949 1119 1009 in
1134 950 1226 1017 Bibl.
1241 951 1307 1014 Crit.

216 1040 343 1103 Hildes.
360 1060 387 1100 s.
404 1044 497 1104 1821.
514 1035 548 1093 P.
563 1033 589 1097 I.
607 1034 696 1092 Fero.
713 1040 741 1098 1.
757 1053 788 1114 p.
804 1036 874 1101 105.
897 1032 1050 1113 praeferri
1066 1039 1141 1095 vult
1153 1061 1307 1119 γραμματι-

216 1134 279 1191 stoiv
298 1124 339 1183 ob
355 1143 446 1203 capp.
467 1123 517 1186 25.
535 1131 565 1177 et
588 1126 639 1186 36.
682 1162 704 1192 „
716 1119 950 1200 Γραμματισταῖ,
973 1115 1036 1194 ait,
1064 1119 1187 1201 potius
1202 1120 1310 1185 scribas

216 1208 363 1273 Herodot.
379 1207 460 1282 vll,
482 1211 553 1270 100.
568 1207 619 1263 vel
641 1201 854 1285 ludimagistri
871 1198 1009 1283 Xenoph.
1032 1201 1148 1293 Symp.
1172 1206 1309 1281 VIIM.

217 1293 423 1379 Ppnppnmani
442 1310 518 1353 vero
542 1285 732 1367 philosophi
754 1287 808 1371 isti
830 1286 946 1368 abiecti
970 1299 1002 1345 et
1017 1286 1157 1367 miselli,
1183 1290 1310 1373 quitum

216 1380 250 1447 in
267 1377 412 1439 domibus
425 1373 563 1437 divitum
578 1362 1039 1446 nutriebanturiiomanorum¹
1051 1392 1115 1434 nec
1129 1389 1241 1436 tamen
1253 1397 1310 1439 ern.

202 1463 353 1524 'ditionis
368 1460 523 1540 doctique
539 1455 720 1515 commercii
738 1456 860 1541 gratis,
883 1454 938 1517 sed
953 1449 1099 1517 ludibrio
1115 1472 1152 1519 et
1176 1457 1307 1521 irrisioni

200 1569 339 1629 .semper
354 1543 490 1606 obnoxii
503 1540 639 1624 pessime
655 1539 693 1598 ab
711 1540 859 1600 omnibus
876 1542 943 1601 fere
959 1554 996 1599 ut
1010 1539 1214 1603 Graecorum
1230 1564 1308 1627 pars·
1324 1568 1333 1581 ·

198 1658 202 1667 ·
217 1633 275 1693 siti
290 1630 516 1691 tractabantur.
547 1625 597 1687 ef.
613 1623 763 1707 Boettiger
777 1623 894 1685 Sabino
910 1628 947 1690 T.
962 1624 1006 1687 ΙΙ.
1023 1644 1054 1705 p.
1070 1634 1125 1695 38.
1141 1634 1226 1710 σιμ(
1258 1627 1307 1689 cui

215 1714 344 1802 quidem
360 1711 537 1775 sententiae
551 1709 726 1770 etiamnum
746 1710 911 1771 inhaerere
927 1730 960 1771 se
977 1709 1038 1769 vtr
1053 1708 1177 1773 doctus
1194 1712 1307 1796 signifi·

200 1817 268 1862 ‚cat
284 1801 317 1861 in
338 1799 488 1880 Epistola
504 1814 608 1874 nuper
631 1792 669 1852 ad
688 1815 736 1854 me
751 1795 853 1854 amice
876 1794 969 1869 data,
990 1791 1049 1853 ubi
1073 1797 1177 1861 simul
1196 1811 1307 1875 monet,

215 1885 256 1946 de
273 1884 459 1945 discrimine
472 1882 557 1940 inter
568 1878 789 1960 grammaticos
802 1895 834 1941 et
848 1878 992 1939 rhetoras
1005 1880 1244 1945 eonferendum
1254 1902 1308 1945 sus

218 1969 393 2047 Quintilian.
410 1967 463 2039 ΙΙ,
480 1973 550 2042 1,1
575 1997 616 2009 -
639 1970 667 2030 6.
690 1978 723 2024 et
737 1964 916 2025 Mansonem
938 1964 989 2024 in:
1012 1958 1120 2029 Versu.
1132 1966 1305 2029 'Sobrifan
1336 2023 1338 2028 ,

213 2052 376 2123 Abhandl.
394 2074 424 2133 p.
439 2058 489 2118 66.
505 2070 552 2130 sq.
582 2047 626 2106 At
639 2050 745 2107 fateor
757 2047 835 2110 haec
850 2049 933 2107 mihi
948 2069 1013 2108 non
1028 2049 1186 2131 probari,
1207 2065 1305 2133 utpote
1329 2100 1333 2117 .

214 2140 322 2200 minus
339 2151 486 2197 accurate
499 2133 673 2214 disputata.
717 2132 793 2193 Non
808 2133 977 2216 philosophi
990 2154 1059 2194 esse
1077 2150 1233 2216 poteraut
1250 2136 1302 2211 illi,

216 2224 255 2285 de
271 2223 389 2306 quibus
407 2221 438 2279 h.
451 2224 473 2280 l.
487 2218 609 2303 agitur,
635 2215 849 2280 Grammaticis
872 2217 1121 2300 distinguuntur
1135 2222 1225 2283 onitu
1237 2226 1302 2283 citro

196 2327 247 2371 ·et
263 2307 403 2392 graviter
417 2305 501 2369 inter
519 2324 553 2362 se
570 2317 637 2361 tum
660 2302 691 2363 h.
707 2307 746 2379 1.,
769 2303 908 2378 simiis,
931 2322 1015 2384 quae
1036 2324 1080 2373 err
1100 2302 1299 2369 eodem'liito

214 2394 346 2457 Jacobus
364 2390 486 2460 adfero,
509 2385 601 2449 locis.
645 2384 777 2448 Deinde
790 2402 822 2448 et
834 2386 988 2449 audiendi
1003 2404 1096 2449 erent
1110 2390 1241 2469 Suum,
1257 2407 1299 2475 qul

213 2468 625 2635 tlttltzlrlltl
644 2470 819 2640 μαι
847 2469 1298 2643 talliatam·
1312 2472 1332 2597 ί·

820 2604 828 2633 5
1287 2601 1296 2631 1

214 2641 561 2810 tttttsllltslt
577 2640 909 2787 §tattonis
926 2609 1297 2793 :trent-⁴¹⁵*
1326 2686 1329 2693 ·

194 2813 318 2896 ῑτιστὴν
340 2813 437 2875 otiam
462 2778 572 2876 dostro
598 2810 750 2892 scriptori
773 2831 832 2891 pro
848 2750 1075 2875 'Grammatiio
1094 2750 1297 2878 'valdrdiu‘id
1323 2832 1328 2841 ·

213 2901 327 2961 addam
343 2913 449 2960 tamen
463 2896 583 2974 statim,
593 2894 719 2979 aliquid
736 2910 822 2956 carte
835 2893 1031 2957 discriminis
1045 2918 1117 2960 esse
1130 2897 1295 2985 iaterpptp·
1317 2942 1321 2959 .

213 2987 431 3069 patravisset
447 2977 676 3066 γραμματικόν..
709 2978 783 3041 Hoc
798 2980 883 3041 enirn
899 2972 1095 3042 vocabulum
1114 2980 1296 3045 omninodo·
1324 3036 1327 3043 .

190 3110 194 3123 ·
212 3086 306 3132 notat
320 3070 474 3141 literatos,
498 3086 578 3147 quos
595 3081 663 3125 tum
680 3063 840 3126 vocabant
855 3062 1023 3145 homiues,
1046 3070 1100 3129 vel
1116 3088 1135 3127 a
1150 3066 1259 3151 peritis
1272 3076 1296 3125 sl

212 3155 419 3230 eruditione,
444 3156 495 3211 vel
517 3171 534 3209 a
558 3150 644 3211 vitae
666 3163 753 3212 certe
776 3150 903 3232 generis
925 3144 1143 3231 profesiione.
1188 3148 1296 3217 lustr

211 3244 320 3307 crinem
341 3261 398 3321 per
422 3236 619 3298 Convivium
645 3256 676 3307 s.
691 3233 851 3315 Lapithas
870 3232 963 3296 audit
983 3224 1001 3300 ὅ
1019 3238 1240 3319 γραμματικὸς,
1262 3235 1295 3295 itt

213 3326 462 3407 distinguuntur
480 3321 515 3379 in
530 3319 593 3381 hoc
608 3320 720 3380 libello
737 3318 943 3381 Grammatici
960 3340 978 3381 a
991 3318 1178 3385 rhetoribus
1193 3338 1225 3387 st
1237 3317 1296 3406 plti·
1323 3352 1327 3361 ·

212 3408 379 3491 losophis,
403 3421 436 3467 et
457 3404 598 3467 musicis.
642 3401 708 3467 Sed
722 3401 944 3486 γααμμαιισιῆς
959 3408 1070 3465 notaui
1085 3402 1188 3471 habet
1205 3401 1296 3469 huni·
1323 3460 1327 3485 i

212 3496 305 3556 lioris
324 3489 524 3552 conditionis
542 3502 575 3550 et
590 3488 706 3570 pretii,
728 3486 956 3572 significatque
977 3486 1296 3573 ludimagistrum,it
1323 3498 1327 3507 '

185 3622 188 3627 -
211 3579 323 3663 pueris
339 3573 554 3638 elementariis
577 3570 762 3635 erudiendis
778 3592 907 3655 operam
931 3577 1168 3641 collocantem.¹
1201 3574 1238 3641 Id
1248 3592 1297 3657 pr·

216 3678 264 3724 tet
281 3686 298 3724 e
322 3662 434 3724 Suicloe
457 3675 488 3720 et
512 3656 657 3743 Hesyciii
673 3656 796 3733 verbis,
829 3672 919 3737 patet
932 3680 950 3721 s
963 3658 1176 3742 Xenophontis
1185 3666 1265 3737 tom,
1282 3675 1296 3715 ι
1324 3672 1327 3677 ·

212 3749 328 3819 Jacnbo
343 3746 495 3818 laudato,
519 3763 658 3803 necnon
675 3741 973 3823 eLuoioniipsius,
996 3743 1296 3827 quibusAesolrinsn
1323 3734 1327 3747 '

213 3847 370 3893 oratorem
385 3834 609 3915 γραμματιστοῦ
623 3824 724 3886 filium
748 3825 916 3911 designat,
936 3826 1051 3895 verbis.
1076 3828 1294 3910 (Momm
1332 3838 1335 3845 '

212 3938 240 3979 c.
260 3924 334 3994 10.)
361 3917 431 3981 Jam
455 3934 512 3974 cur
526 3912 560 3975 h.
574 3917 596 3975 1.
616 3911 757 3976 Lucieno.
780 3911 941 3995 placuerit
960 3913 1075 3996 potius
1273 3905 1280 3929 ⁸

176 4034 179 4039 ·
212 4022 477 4075 commemorare,
505 4019 599 4079 qoam
622 3993 861 4081 γραμματιιοῦς,
883 4016 967 4079 quos
987 3996 1069 4059 alibi
1092 3940 1194 4082 diost,
1212 3994 1290 4065 ratio.

174 4108 177 4115 ¹
212 4084 351 4166 opinor,
374 4085 551 4165 inpromtu
565 4095 623 4143 est.
668 4078 1290 4173 Cumcontemtuquodaaloqnsospii

212 4169 362 4255 Iosophis,
394 4167 514 4253 quibus
540 4164 769 4234 adnumerabis
792 4186 828 4231 se
848 4166 1125 4252 Timonem-wip
1143 4166 1290 4239 mopiam
