2678 4800
710 232 716 261 l

219 384 296 459 ὣς
489 382 1055 441 eoncessiones

220 547 409 626 scripturam
426 536 553 604 salillo
572 535 715 597 aberrare
727 534 888 618 potuerit,
911 555 1017 617 neque
1032 534 1134 597 etiam
1150 558 1225 599 cum
1237 538 1316 603 Iesa-

222 637 259 696 bo
276 631 315 691 de
329 625 366 693 cci
380 620 497 693 cincti.
519 625 570 683 vel
583 616 656 694 roric
669 616 752 696 ἅλας,
778 639 859 701 quae
875 640 916 679 ne
930 620 994 700 ipsi
1010 620 1146 701 quidem
1165 628 1316 706 conjecta·

220 721 250 779 ri
271 715 503 776 satisfecerunt.
537 709 600 766 .De
622 705 857 784 permutatione
882 717 986 764 tanen
1010 704 1110 785 hujus
1133 709 1314 789 posterioris

221 800 311 863 vocis
328 802 358 863 οἱ
371 793 457 868 ἅλες,
479 793 500 854 i.
518 812 545 851 e.
564 791 623 851 cibi
641 789 773 866 viliores,
798 810 869 847 cum
886 810 964 849 voce
981 786 1073 864 illoc
1092 790 1173 853 fuse
1188 792 1312 866 disserit,

221 902 258 946 ut
277 884 357 944 bene
382 877 512 939 lacobus
532 890 657 950 monet,
680 874 837 935 Jacobsins
858 873 892 931 in
913 871 1106 935 Additamrn.
1128 876 1311 938 Animadrr.

222 969 261 1031 ad
275 968 386 1030 Athen.
402 986 431 1044 p.
453 970 522 1027 141.
539 965 654 1026 et153.
699 957 794 1039 Quod
811 971 915 1016 autem
929 957 1087 1020 Brodcerrc
1099 956 1141 1025 eci
1158 959 1237 1025 ἄλλα
1248 965 1311 1046 quir·

221 1053 331 1139 quilius
346 1049 458 1123 vertit,
482 1045 594 1105 merito
613 1042 758 1104 aJccobo
772 1043 953 1122 repellitur,
977 1044 1148 1124 quoniam,
1173 1046 1235 1105 etsi
1249 1045 1310 1123 brec

221 1133 397 1217 explicatio
414 1152 479 1190 non
494 1135 587 1210 plane
602 1127 704 1186 aliena
722 1127 765 1186 sit
780 1126 818 1184 ab
833 1127 901 1207 ipsa
914 1133 973 1191 τῶν
994 1126 1093 1192 ἄλλων
1111 1130 1310 1215 significatio.

219 1243 276 1293 ne,
305 1212 338 1277 in
364 1217 427 1276 boc
449 1231 554 1274 tamen
577 1211 748 1272 verborum
772 1232 859 1271 nexu
880 1232 945 1270 non
969 1227 1043 1293 epta
1064 1233 1137 1275 esse
1167 1214 1308 1277 videatur.

220 1305 368 1380 Scilicet,
390 1299 453 1360 boc
477 1319 537 1379 ego
554 1300 614 1377 jam
638 1294 768 1369 addam,
794 1295 917 1375 requiri
930 1296 1010 1355 milri
1026 1296 1166 1359 videtur
1182 1298 1307 1361 vocabu·

218 1394 301 1463 lum,
326 1384 411 1468 quod
430 1404 529 1467 genus
548 1379 707 1462 quoddam
726 1378 883 1439 laetiorum
899 1378 1041 1440 ciborum
1060 1383 1246 1465 significet,
1265 1384 1305 1443 irt-

220 1477 367 1533 volutum
389 1468 469 1529 illud
490 1488 506 1526 a
530 1466 643 1547 coquis
661 1463 821 1524 veteribus
839 1468 960 1525 malvae
981 1466 1075 1527 foliis
1101 1488 1180 1529 euru
1202 1468 1303 1529 feroit

220 1557 369 1631 modurn,
393 1575 456 1637 quo
479 1550 577 1610 bodie
602 1549 697 1631 coqui
718 1552 861 1607 lactucae
882 1554 932 1609 vel
952 1551 1103 1633 pampini
1129 1552 1223 1613 foliis
1245 1550 1302 1613 ertit

221 1662 297 1701 suae
321 1660 416 1720 opera
434 1640 599 1695 involvere
614 1638 729 1694 solent.
776 1632 878 1713 Quam
901 1634 1030 1716 quidem
1045 1656 1140 1696 nuno
1155 1636 1250 1700 video
1262 1650 1302 1699 et-

220 1727 283 1785 iam
301 1721 462 1786 Wielandii
474 1718 664 1780 sententiam
678 1737 754 1780 esse.
782 1718 902 1780 Lana.

306 1841 384 1903 Eae.
403 1845 425 1903 l.
442 1847 472 1906 4.
500 1830 767 1921 Ἀγνωμοσίνη
789 1832 861 1919 γὰρ
885 1835 928 1917 σὴ
950 1832 1063 1904 τοῦτό
1084 1839 1152 1923 γε]
1180 1840 1302 1923 Vitupe-

219 1943 269 1990 ret
284 1927 406 1989 Belinus
423 1925 601 1985 versionem
616 1922 785 1983 Latinam:
810 1920 865 1981 illa
880 1927 954 1983 enim
976 1941 1048 1984 esset
1059 1922 1245 2006 impudentia
1255 1943 1300 1999 ter,

219 2029 372 2093 tanquam
388 2008 574 2079 absurdam,
599 2021 629 2065 et
645 2004 751 2066 reddit
763 2006 825 2066 sic:
838 2005 995 2092 fallereris
1008 2013 1086 2068 enim
1099 2013 1230 2093 egregie,
1248 2011 1300 2071 teil.

220 2097 248 2159 si
262 2096 418 2177 cogitares
433 2092 568 2153 eundern
591 2091 670 2164 tibi,
695 2104 789 2170 atque
810 2089 1010 2172 hospitibus,
1034 2093 1183 2154 habiturn
1202 2094 1240 2155 iri
1253 2092 1300 2155 bo·

219 2203 339 2241 norem.
385 2178 446 2240 Sed
468 2176 592 2236 fallitur
615 2173 755 2250 Belinus,
780 2197 844 2234 non
867 2176 1070 2257 intelligens,
1093 2176 1178 2240 haec
1199 2176 1300 2239 ironice

220 2266 259 2325 ab
274 2279 415 2338 auctore,
428 2263 448 2321 i.
465 2283 491 2323 e.
508 2282 544 2320 ex
562 2276 666 2320 mente
680 2260 781 2339 ipsius
796 2258 909 2319 divitis
926 2265 1058 2342 ejusque
1072 2276 1296 2335 assentatorum,

220 2350 295 2410 dici.
343 2351 400 2408 Est
415 2347 497 2408 enirn
524 2342 722 2426 ἆγνωμοσύνη
744 2343 889 2425 neglectus
911 2347 1020 2432 officii,
1045 2350 1184 2409 maxime
1201 2352 1297 2423 ineant

219 2460 239 2495 ο
253 2459 311 2519 quo
329 2434 473 2517 beneficiis
488 2435 528 2491 sis
545 2431 680 2514 affectus.
726 2429 780 2491 Sic
794 2425 984 2511 ἆγνοίμονες,
1006 2435 1130 2515 ingrati,
1153 2432 1235 2498 Pitc.
1247 2438 1298 2499 ni·

220 2535 252 2580 et
270 2516 470 2603 ἀγνωμοσύνη
488 2517 556 2596 ipsa
574 2517 724 2592 Necyom.
741 2535 766 2577 c.
786 2522 835 2581 16.
852 2514 992 2583 cernitur
1007 2516 1041 2574 in
1060 2537 1118 2593 eo,
1141 2515 1229 2659 (pund
1245 2514 1299 2577 rel·

220 2603 294 2663 dere
310 2603 407 2675 nolis,
429 2621 510 2680 quae
527 2597 659 2667 nonnisi
675 2597 872 2659 commodata
888 2613 964 2658 sunt
983 2601 1016 2659 in
1031 2600 1145 2681 aliquo
1186 2615 1299 2681 tempor.

218 2686 436 2770 Impudentiam
455 2685 564 2764 itaque
581 2682 614 2750 h,
628 2688 649 2744 l.
669 2679 809 2743 Gesnerus
824 2687 931 2764 paullo
952 2684 1088 2744 liberius
1102 2682 1233 2768 quidem
1246 2705 1298 2745 ter·

218 2773 278 2848 tit,
302 2791 403 2853 neque
423 2783 526 2829 tamen
545 2766 691 2827 absurde.
734 2767 816 2829 Nam
831 2771 965 2847 ingratus
980 2766 1155 2831 videbatur
1169 2766 1297 2851 philott-
1338 2792 1339 2850 J

217 2856 302 2939 phua
320 2853 451 2915 domino
468 2874 544 2929 auo,
567 2866 661 2933 atque
677 2850 755 2912 adeo
772 2850 939 2935 impudens,
963 2852 991 2912 si
1006 2850 1139 2933 eodem,
1161 2874 1227 2939 quo
1238 2852 1296 2915 bot·

216 2943 317 3025 pites,
341 2939 464 3000 honore
481 2936 597 3021 dignus
612 2935 723 2995 haberi
740 2940 853 3001 voluit.
884 2938 1003 3002 Lanu.
1333 2958 1338 3011 ι

300 3057 379 3120 End.
394 3062 415 3122 l.
436 3065 466 3124 6.
493 3051 627 3126 Neocrdc
640 3051 806 3137 ἡμίτομος)
829 3056 947 3116 Omnia
962 3056 1058 3139 hujus
1071 3056 1215 3142 paginae
1227 3074 1293 3137 repo·

215 3145 344 3207 riuntur
371 3143 405 3200 in
434 3139 568 3221 Lapith.
600 3141 734 3202 Bounn.
789 3139 880 3223 Quos
906 3141 1100 3221 respuebant
1120 3138 1293 3207 vetereeilli

213 3228 329 3317 pullos,
353 3247 413 3287 nos
430 3226 529 3286 hodie
545 3225 580 3282 in
597 3224 721 3284 deliciis
739 3225 870 3285 summis
891 3224 1055 3290 habe-us.
1099 3226 1164 3291 Sed
1177 3227 1212 3287 iu
1227 3227 1292 3289 him
1328 3242 1334 3313 γ

216 3313 361 3394 saepius,
383 3332 449 3372 non
468 3308 556 3393 quod
580 3330 688 3370 revera
709 3311 941 3390 praestantius,
966 3310 1020 3371 sed
1038 3310 1129 3393 quod
1150 3313 1292 3375 ratium
1327 3320 1333 3379 ,“

216 3399 411 3468 autcarius,
434 3395 606 3479 quaeritur·
650 3392 848 3455 Vid.tamen
866 3395 976 3459 Horat.
992 3397 1091 3458 Serm.
1109 3396 1138 3459 1.
1328 3398 1331 3409 '

379 3482 446 3547 Aut
455 3483 584 3564 positum
598 3494 666 3539 ante
675 3501 740 3539 meo
755 3481 827 3563 quio
835 3479 953 3563 pullum
961 3496 1048 3565 parte
1063 3483 1160 3544 catini
1171 3495 1231 3545 eto·
1327 3488 1330 3497 '

214 3568 344 3631 soma.
1324 3536 1329 3643 i

298 3669 377 3730 Eat.
391 3671 413 3734 l.
429 3673 458 3733 7.
474 3661 541 3730 Ἢν
555 3666 688 3731 ἐπιλίποι
702 3657 795 3728 ἄλλον
806 3660 903 3742 crode,
926 3667 1089 3747 αἰφνιδίως
1102 3668 1153 3737 ἐπὶ
1166 3662 1291 3752 mind
1323 3666 1328 3717 i

214 3746 400 3839 ἆρᾶμενοςό
421 3746 563 3825 διάκονος
578 3747 615 3815 cci
637 3771 684 3814 cor
705 3753 910 3830 παρακείμενα
924 3753 1046 3832 φέρων,
1068 3754 1175 3843 ἐκείνῳ
1192 3746 1290 3837 παγαί·
1320 3792 1326 3857 ,

213 3847 342 3916 θεικεν)
364 3838 418 3896 Sic
451 3834 658 3918 distinguunt
687 3834 886 3895 Basileenses
916 3851 948 3897 et
970 3835 1215 3917 Salmurieuees,
1241 3827 1288 3895 riri

215 3922 304 4007 quod
324 3923 374 3982 illi
391 3921 486 3979 etiam
506 3919 707 4001 distinguant
724 3933 797 3998 post
814 3939 925 3979 vocem
943 3917 1097 3999 διάκονος.
1140 3921 1239 3986 Vertit
1251 3936 1288 3977 to·

215 4023 281 4068 tem
294 4007 453 4081 Erasmus,
476 4022 506 4064 ut
519 4002 676 4088 siquando
693 4002 766 4063 desit
778 4002 854 4064 alibi
860 4048 870 4077 ‚
892 4008 1024 4067 minister
1041 4026 1155 4091 repente
1167 4026 1194 4069 te
1203 4010 1287 4087 impl*

216 4109 299 4154 tonte
312 4092 482 4151 submovens
495 4115 546 4164 ea,
571 4113 645 4173 quae
659 4088 715 4148 tibi
729 4106 813 4148 erant
827 4093 977 4172 opposita,
1000 4090 1072 4155 aliie
1086 4106 1221 4178 apponat.
1248 4086 1285 4146 El·
1320 4076 1325 4089 ι

214 4174 283 4241 iam
297 4173 490 4252 Benedictus,
511 4178 537 4236 si
551 4170 671 4260 qnando
685 4171 758 4236 desit
770 4170 841 4254 alii,
865 4191 978 4259 repente
998 4178 1120 4242 miniter
1133 4194 1160 4241 te
1170 4178 1285 4263 praemi
