2678 4800
319 362 321 368 ’
364 380 419 432 itt
468 370 838 451 risc'srouust.
1037 328 1147 454 'ost

49 536 135 597 ectr.
158 527 282 592 Erudd.
307 548 335 590 a.
352 528 488 605 1745.1'>·
503 529 575 595 248·
591 522 650 606 qui
670 522 812 595 contulit
833 523 931 585 simul
956 526 1147 595 Latinorum

47 620 205 681 formulas
228 615 273 674 bis
293 616 371 675 mori
389 625 422 672 et
439 607 522 671 mille
539 624 648 671 nwrtaes
665 606 751 688 opud
769 607 949 675 Petronium.
991 611 1047 674 Sic
1071 634 1147 677 vero
1189 670 1191 674 ,

48 703 147 765 etiarn
171 702 360 779 interpretes
379 695 495 759 Latini
512 709 547 759 et
566 690 768 770 Wielcndius,
792 707 830 753 ut
852 713 911 776 per
933 706 1019 775 erat,
1040 699 1148 759 locum
1201 722 1207 727 ·

49 799 218 868 ceperunt.
248 782 368 844 Luam·
470 812 473 817 ·
511 811 515 815 ·
574 802 579 817 ¹
752 805 755 813 ·
917 815 922 821 ·

134 950 211 1013 End.
235 954 257 1012 l.
278 957 328 1017 10.
362 940 514 1026 HAAT.)
542 943 671 1024 Verba,
689 966 779 1033 ,quae
801 944 855 1006 bic
885 945 950 1017 uni,
965 947 1154 1016 tribuuntur

51 1037 204 1113 Platoni,
234 1057 252 1095 a
275 1033 383 1094 multis
404 1031 676 1091 tumultuantibus
692 1035 819 1112 ,prolata
840 1046 938 1111 puto:
965 1035 1153 1112 praesertim

52 1145 127 1184 cum
150 1119 233 1181 idebr
249 1119 342 1178 Plato
364 1121 461 1199 paulo
477 1127 551 1196 post
570 1114 664 1175 elisur
686 1113 875 1175 sententiam
891 1118 1034 1194 proferat
1048 1117 1088 1178 ab
1102 1116 1153 1179 bis

55 1203 205 1267 omnibus
221 1203 388 1277 diversam,
402 1214 435 1263 et
448 1221 524 1260 sene
540 1202 793 1277 nullumnomen
811 1197 865 1258 hie
879 1201 1011 1280 reperiri
1024 1202 1060 1261 in
1076 1206 1155 1263 mul·

29 1312 31 1316 ’
53 1290 99 1351 tis
120 1287 189 1349 cod.
213 1288 293 1351 Mea.
315 1283 499 1363 observavit
518 1280 646 1364 Lougoi.
664 1280 889 1362 Empedoclem
908 1299 1011 1353 eutem
1033 1302 1157 1347 consu*

54 1377 161 1436 lentes
177 1368 393 1451 inducuntur,
417 1382 454 1427 ut
467 1367 507 1427 de
523 1365 695 1427 crateribus
712 1365 779 1424 suis
800 1370 934 1446 loquens
948 1362 1046 1428 n'suni
1065 1370 1157 1432 exci-

57 1473 116 1519 tet.
160 1452 348 1538 Legendum
374 1453 483 1534 itaque
502 1472 617 1512 censeo
631 1465 686 1511 aut
706 1455 791 1515 ΦΙΛ,
814 1465 870 1510 aut
884 1448 1051 1531 distincte,
1070 1446 1156 1519 Ἀλλ.

53 1538 141 1607 Ἀλλ.
165 1540 294 1601 Sounu.
337 1536 468 1615 Platoni
488 1533 560 1596 heic
580 1533 760 1603 abeundum
781 1536 858 1612 erit,
898 1536 938 1620 1)
956 1534 1044 1619 quod
1068 1543 1158 1620 paul·
1214 1564 1217 1569 ’

58 1632 94 1689 lo
111 1639 185 1709 post
203 1623 358 1685 diversam
376 1621 416 1681 ab
427 1620 488 1680 bac
502 1621 692 1682 sententiam
705 1621 839 1700 profert.
863 1619 904 1704 2)
920 1618 1009 1703 quod
1024 1636 1056 1684 et
1071 1623 1159 1685 abest
1236 1627 1241 1643 ¹

62 1735 80 1772 e
101 1709 209 1769 multis
226 1705 405 1785 (nonnullis,
430 1705 539 1787 inquit
556 1703 702 1788 Coliator
716 1705 797 1766 Poli.
813 1704 941 1784 Lebm.)
963 1699 1161 1771 Msss'Rec.

61 1811 94 1858 te
113 1793 175 1854 hoc
199 1792 324 1853 monuit
342 1792 453 1852 Moses
470 1791 535 1851 Sol.
580 1789 666 1861 Num
687 1811 763 1852 vero
780 1790 815 1850 in
832 1791 940 1852 fronte
953 1787 1068 1873 horum
1085 1811 1161 1852 ver-

59 1879 174 1941 borum
187 1875 332 1960 ponendi
348 1876 414 1934 sint
433 1879 576 1940 ΦΙΛΟΣ.
596 1887 652 1934 aut
662 1871 778 1953 Ἄλλοι,
801 1875 928 1937 nonita
944 1876 1087 1955 apertum
1102 1889 1160 1937 est.

61 1962 255 2025 Forte'baec
270 1956 428 2019 sententia
443 1972 491 2018 est
507 1959 664 2035 Socratis,
692 1978 772 2040 quae
786 1962 829 2021 sic
845 1965 909 2019 late
925 1973 991 2036 est,
1012 1974 1050 2020 ut
1065 1959 1163 2043 prio-³

62 2049 155 2110 ribus
172 2067 228 2127 per
252 2042 488 2125 iramexcussis
512 2042 744 2126 quamoptime
764 2039 954 2117 conveniat,
979 2058 1011 2111 et
1031 2064 1102 2111 curu
1121 2042 1163 2109 iis

64 2132 161 2194 etiam
178 2126 338 2190 cohaereat.
362 2124 462 2189 Sura.
506 2127 557 2186 It'a
573 2126 699 2186 etmihi
716 2125 854 2188 videtur.
887 2129 1031 2189 Platonis
1044 2141 1163 2188 nomeu

65 2235 126 2298 per
151 2234 286 2272 errorem
307 2233 347 2270 ex
370 2209 576 2292 sequentibus
597 2207 662 2269 buc
684 2211 845 2294 migravit.
889 2211 1030 2273 Socratis
1057 2204 1163 2275 autein

68 2295 270 2360 commotiori
293 2295 400 2355 animo
429 2294 745 2376 optimscodvenit,
771 2317 835 2355 uon
859 2310 1057 2376 exspectare,
1089 2294 1164 2357 dum
1218 2356 1224 2364 ,
1329 2344 1333 2351 .

66 2383 125 2443 elii
147 2380 322 2442 sententiae
344 2400 417 2440 sues
441 2377 591 2456 tulerint,
616 2379 673 2442 sed
692 2379 799 2441 statim
822 2380 927 2462 ipsum
942 2379 1165 2464 gravissimum

66 2480 102 2528 et
118 2463 403 2546 exquisitissimum
424 2464 587 2545 supplicii.
599 2485 700 2548 genus
723 2468 913 2546 proponere.
928 2489 946 2536 ¹,
959 2464 1057 2547 Quod
1078 2467 1165 2528 euim

67 2550 279 2633 proponitur,
311 2570 410 2608 unum
437 2564 560 2607 tantum
588 2565 654 2625 est,
680 2570 869 2632 quamquam
890 2552 1111 2631 multipiexet
1129 2549 1167 2609 in

68 2638 178 2697 varios
195 2634 287 2713 quasi
307 2648 397 2693 actus
416 2632 621 2712 distractum,
644 2634 678 2692 in
696 2655 761 2718 quo
772 2633 864 2716 quod
886 2634 974 2695 cruci
991 2632 1079 2718 effigi
1095 2636 1169 2717 pia-

69 2735 123 2780 cet
136 2717 268 2799 flagellis
283 2733 375 2778 antea
389 2738 531 2796 caesum,
553 2717 734 2778 humillima
750 2717 828 2781 haec
844 2735 911 2780 erat
926 2733 958 2781 et
969 2718 1169 2802 ignominio.
1190 2726 1202 2752 't

72 2802 197 2864 sissima
215 2822 337 2880 poena;
362 2801 448 2884 quod
470 2807 581 2862 oculos
596 2802 713 2880 effodi,
737 2803 878 2882 pertinet
893 2803 954 2864 boc
972 2802 1011 2864 sd
1027 2800 1170 2877 Lusisti

73 2885 240 2948 audaciam
262 2885 452 2966 penetrandi
472 2888 507 2944 in
521 2885 788 2967 pbilosophorum
811 2907 942 2961 arcana;
968 2886 1059 2970 quod
1073 2886 1173 2949 deni-

73 2993 137 3056 que
153 2970 304 3052 linguam·
320 2968 481 3040 abscindi,
504 2970 677 3050 respicitur
690 2973 820 3031 scelesta
842 2975 911 3052 ejus
923 2972 1054 3032 licentia
1070 2985 1103 3032 et
1116 2973 1174 3031 in-

70 3055 222 3130 bolentia,
240 3073 321 3134 quae
337 3051 470 3113 vidisset
484 3059 535 3114 vel
552 3053 740 3130 audivisset,
755 3057 856 3132 pelam
873 3050 1054 3118 effutiendi.
1084 3052 1174 3117 Hinc

77 3152 183 3220 petet,
198 3159 302 3219 quam
319 3158 430 3219 parum
449 3158 485 3198 ea
508 3139 612 3203 aliena
626 3137 695 3220 sint
709 3158 726 3197 a
743 3138 883 3217 Socratis
896 3159 1034 3220 persons
1047 3140 1102 3201 bic
1115 3137 1176 3199 d‘e-
1269 3196 1272 3201 ,
1287 3144 1292 3158 ’

78 3223 218 3299 lineata3
242 3238 331 3303 patet
347 3241 422 3282 vero
439 3223 551 3298 etiam,
577 3236 731 3305 quantum
750 3222 813 3281 sibi
830 3225 1028 3306 arrogaverit
1048 3222 1179 3287 Widcn·
1255 3296 1258 3300 ,
1287 3248 1290 3307 j

80 3308 164 3383 dius,
190 3308 264 3388 qui,
288 3305 423 3365 nimium
438 3305 562 3387 judicio
580 3306 813 3378 sueonibus.
835 3307 943 3389 priora
957 3307 1071 3371 verba:
1089 3304 1180 3391 Ἐμοὶ
1240 3338 1243 3347 ’

80 3394 138 3474 pio
157 3425 199 3439 -
219 3394 368 3473 πρότερον
384 3391 568 3476 Aristippo,
592 3413 671 3476 qnae
682 3390 841 3474 deinceps
857 3406 1053 3477 sequuntur,
1077 3393 1181 3475 Ghryr·

80 3478 196 3556 cippo,
219 3491 380 3557 postrema
404 3474 543 3558 denique
556 3473 612 3557 τὴν
627 3483 759 3562 γλῶτταν
779 3512 820 3524 -
843 3482 943 3556 δοκεῖς
965 3474 1181 3560 Pythagorae,

81 3564 210 3623 retionc
235 3565 330 3642 plane
360 3563 448 3620 nulla
479 3559 619 3641 reddita.
650 3560 777 3627 tribuit.
831 3563 1021 3642 Interpretis
1051 3559 1183 3645 quidem

83 3645 180 3707 fidem
201 3647 247 3704 sic
271 3643 421 3704 audacter
442 3645 547 3705 laesit.
577 3645 661 3708 'Nec
684 3646 941 3727 probabilissime
962 3646 1184 3731 'Pythagoram

83 3729 141 3807 hic
155 3729 249 3811 loqui
264 3728 363 3801 facit,
387 3728 443 3808 qui
465 3732 572 3806 pauno
588 3744 662 3813 post
680 3752 697 3793 n
716 3732 852 3795 Platone
875 3726 1031 3795 diceturd
1050 3736 1184 3797 σιωπᾶν.

86 3815 218 3875 Mecum
233 3828 265 3874 et
281 3834 351 3872 cum
368 3811 514 3896 Seyboldo
529 3814 624 3876 etiem
643 3817 682 3877 T.
699 3814 733 3879 F.
748 3814 924 3876 Benedictus
939 3814 1042 3895 fecit,
1061 3816 1186 3899 quiet·
1224 3832 1228 3847 '

88 3898 337 3959 iemlectionem
354 3900 391 3960 P.
409 3895 540 3971 drs'rroid
554 3921 614 3981 pro
629 3895 754 3963 &nuncid
769 3898 985 3980 recipiendam
1000 3900 1131 3972 statru‘t,
1154 3914 1188 3961 et

90 3981 206 4045 deinde
221 3979 305 4068 μάθῃ
320 3982 491 4066 legendum
501 4003 563 4127 pto
578 3978 685 4066 μᾶθρι.
721 3982 827 4046 Colon
843 3997 950 4063 autem
963 3984 998 4059 iu
1015 3983 1076 4048 Ed.
1090 3976 1190 4049 Reice

90 4081 171 4150 post
185 4063 305 4150 Ὀρφέα
323 4068 465 4151 positum
487 4069 499 4127 i
523 4088 573 4129 em
584 4069 623 4129 V.
640 4068 687 4129 D.-
703 4065 738 4127 iu
762 4070 1036 4152 comma-mutari,
1058 4085 1091 4134 et
1104 4079 1192 4134 λακι-

92 4151 164 4220 στὸν
179 4149 220 4214 sd
235 4153 342 4235 ipsum
353 4152 551 4233 Lucieuum,
572 4174 640 4236 pou
655 4148 697 4236 ad
712 4149 817 4240 piper,
829 4150 953 4239 ‚rsfsmi
969 4159 1051 4235 vult.
1073 4148 1191 4216 Lanu.
