2678 4800
181 344 258 421 568
448 360 1019 417 susorirsonss

180 514 237 577 De
250 509 361 573 Luctu
376 527 403 573 ο.
418 513 469 579 16.
486 466 688 592 poenituisse
708 508 840 573 videtur
859 509 1027 588 Brittium,
1049 506 1148 595 quod
1165 530 1240 575 noo
1258 525 1290 575 st

183 598 240 660 hic
256 591 439 679 reposuerit
455 591 550 678 scapi.
580 615 686 678 neque
699 592 733 657 id
749 608 876 658 temera.
917 594 1001 657 Nam
1014 592 1056 657 sd
1072 594 1290 659 Codicumil·

183 685 290 747 lorum
312 678 427 753 trium,
451 698 532 762 quos
554 676 685 741 Salanus
705 693 834 742 secutus
857 693 922 758 ost,
943 679 1180 744 auctoritatam
1199 702 1291 745 aoce-

186 765 270 829 dunt
283 762 380 825 etiam
397 760 462 825 duo
476 760 592 824 Parios.
609 767 704 833 2954.
717 778 750 827 et
771 770 867 834 3011.
882 778 916 826 et
931 761 1016 831 Edd.
1033 765 1075 827 A.
1093 772 1126 833 1.
1139 777 1179 828 et
1191 773 1225 834 2.
1239 764 1291 827 obi

186 849 289 936 figura
308 844 546 927 compendiaria
568 846 731 932 significat
744 846 843 930 napi,
865 868 933 910 uon
942 852 1025 932 περί.
1070 848 1233 912 Ceterum
1242 870 1291 913 so·

185 937 282 997 lenne
301 932 441 993 Lariano
466 944 515 993 est
536 929 642 995 dicere
660 930 744 1015 nopai
761 931 815 1000 τὸν
835 936 921 1017 βίον,
944 932 1106 1016 imprimis
1129 933 1170 995 in
1190 936 1289 999 Disll.

185 1019 303 1082 Mortt.
322 1037 350 1079 o.
365 1036 396 1099 g.
412 1015 485 1093 XV,
501 1022 531 1084 4.
547 1015 639 1092 XVI,
655 1025 688 1087 3.
705 1018 810 1098 XXX,
827 1025 856 1086 1.
871 1031 910 1078 ut
925 1015 969 1079 sit
979 1021 1155 1102 pervitam,
1180 1022 1289 1099 instita

187 1101 259 1163 dnm
275 1103 394 1165 viveres.
437 1100 538 1163 Reate
554 1100 665 1187 itaque
679 1101 833 1187 probarit
848 1104 888 1168 T.
901 1101 937 1169 F.
949 1101 1149 1183 Benedictus,
1174 1104 1292 1189 recapit

187 1184 402 1250 Sabmiederus.
424 1184 546 1251 Lartos.

273 1269 351 1354 Pag.
368 1271 476 1339 1521.
489 1273 519 1338 5.
537 1265 680 1356 Ῥήέωρ)
701 1269 909 1334 Valodixerst
922 1291 998 1356 ergo
1012 1270 1290 1355 jstlsotoriesa,

188 1374 263 1418 oum
279 1352 439 1438 ejusmodi
452 1354 612 1439 Dislagos
629 1369 687 1417 aut
708 1356 835 1431 libellos
848 1376 1014 1440 aggressus
1027 1369 1094 1420 est:
1119 1356 1216 1441 quod
1229 1357 1290 1442 ipss

188 1459 267 1501 mox
288 1436 415 1521 plenius
446 1438 602 1502 fatebitur
622 1462 649 1501 c.
668 1446 722 1509 29.
742 1441 964 1528 rationesque,
993 1440 1116 1526 quibus
1141 1440 1291 1505 inductus
1332 1468 1336 1485 ¹

191 1518 228 1586 id
242 1522 374 1603 fecerit,
398 1520 561 1587 edisseret.
584 1524 713 1586 Sonare.
1061 1572 1067 1579 .

277 1606 398 1670 Eadl.
419 1615 470 1675 10.
506 1605 547 1674 Τὰ
569 1610 661 1692 μηδὲν
685 1607 806 1690 ὄντων)
828 1608 883 1674 Sic
911 1607 1230 1681 iterumLucisuus
1243 1612 1293 1673 Do

191 1691 298 1757 Mero.
314 1690 419 1754 Cond.
433 1715 460 1759 ο.
477 1700 527 1763 16.
545 1708 579 1755 et
596 1694 654 1757 Bis
669 1695 744 1761 Aac.
761 1718 788 1756 c.
806 1702 859 1763 20.
893 1694 1022 1758 som.

278 1776 361 1840 Eud.
373 1781 397 1839 l.
415 1785 464 1846 11.
487 1775 592 1863 Πρὸς)
611 1781 701 1842 Μο1ο
713 1776 877 1865 legabatur
888 1791 982 1841 antea
997 1777 1032 1841 in
1047 1776 1292 1869 plerisquoaepi

193 1860 259 1931 Sed
273 1864 356 1925 Mos.
372 1861 477 1927 Codd.
490 1865 527 1925 P.
539 1865 582 1924 L.
602 1878 637 1926 et
652 1866 683 1930 S.
699 1863 749 1926 ed.
767 1878 853 1927 recte
865 1859 953 1948 πρός.
984 1864 1112 1927 Souna.

279 1948 355 2032 Pag·
368 1950 440 2018 168.
454 1952 476 2014 l.
489 1955 520 2018 4.
537 1944 745 2033 Ἀριστοφάνει
761 1949 839 2030 etc.)
860 1948 901 2009 In
914 1946 1063 2011 Nebulis.
1087 1952 1207 2013 Bnoo.
1246 1952 1293 2013 Da

194 2031 247 2096 his
262 2032 385 2116 priscae
403 2032 589 2096 comoediae
606 2032 817 2117 scriptoribus
833 2031 945 2096 Horat.
962 2032 1028 2097 Sat.
1043 2039 1076 2101 4.
1098 2034 1229 2117 Eupolis
1243 2033 1291 2098 1ο·

97 2175 101 2188 ,
195 2117 265 2181 ruit
278 2122 331 2187 88.
346 2117 556 2200 Olympiade,
579 2120 727 2203 principe
738 2115 958 2201 Apollodoro,
980 2131 1017 2179 ut
1033 2117 1184 2181 Eusebius
1198 2118 1292 2181 obser.

196 2202 307 2276 vavits
331 2201 428 2285 hujus
442 2204 591 2266 meminit
609 2203 671 2268 Cic.
686 2205 721 2266 in
737 2204 850 2265 Bruto.
893 2202 1012 2283 Baptas
1027 2202 1180 2285 ejusdem
1194 2204 1291 2265 fabola
1326 2208 1329 2213 '

196 2309 217 2350 a
231 2302 344 2350 nostro
358 2287 497 2353 Lucieno
512 2287 699 2352 celebratur.
721 2289 831 2354 Coos.
873 2286 1110 2370 Aristophanem
1124 2285 1292 2369 quodatti·
1334 2306 1337 2315 ·

197 2387 271 2451 sset,
293 2393 342 2436 res
355 2395 397 2437 ex
410 2372 563 2436 Nubibus
587 2375 666 2436 satis
679 2388 774 2448 uotsg
797 2368 853 2435 sed
870 2370 994 2455 Eupolis
1017 2370 1098 2455 quid
1113 2370 1291 2458 designarit,

197 2457 311 2519 neseio
332 2479 373 2520 an
395 2480 436 2521 ex
456 2458 530 2521 aliis
550 2459 682 2545 liqueat.
726 2456 802 2525 Vid.
825 2454 907 2543 quid
926 2476 987 2519 nos
1005 2454 1292 2540 conjecerimussd

198 2542 307 2606 Prom.
325 2542 360 2602 in
375 2542 581 2612 Verbb.o.2.
612 2542 744 2607 sonsa.
1165 2540 1191 2567 '¹

283 2626 364 2688 Eud.
378 2631 400 2690 l.
416 2633 448 2694 9.
467 2623 509 2693 ‘0
524 2627 615 2706 θεὸς)
638 2628 791 2691 Bacchas.
822 2626 934 2691 Boon.

227 2718 230 2725 ’
284 2709 398 2776 Kalbi-
413 2719 464 2780 10.
491 2710 570 2793 Τοῦς
584 2710 747 2800 ἀρίστους)
769 2713 858 2856 Fretg

200 2790 402 2859 eruditorum
417 2796 548 2877 circuli,
572 2797 607 2859 in
620 2797 737 2881 quibus
749 2798 838 2881 fulge
859 2810 894 2856 st
905 2794 1022 2857 Noster.
1044 2794 1178 2860 Sonare.

288 2876 365 2964 Pag.
390 2885 561 2953 159.1.s.
603 2880 679 2968 Tdv
708 2878 896 2965 διάλογον
929 2874 1118 2965 ἡμέτερον
1148 2885 1291 2949 οἰκεῖον

200 2961 319 3046 ὄντα]
341 2965 641 3048 Necessitudinem‚
664 2989 745 3054 quse
758 2967 938 3049 Dialogum
960 2964 1046 3027 inter
1064 2977 1100 3026 et
1121 2965 1290 3031 Socraticas

201 3048 399 3132 intercessit,
423 3051 519 3139 fingit
539 3044 664 3128 Nosier,
686 3067 723 3113 ut
744 3063 909 3134 parerat,
932 3069 1019 3127 eam,
1044 3070 1129 3133 quas
1147 3050 1200 3113 ‘sit
1221 3050 1291 3113 iotet

193 3134 378 3225 familiares.
420 3137 510 3223 Lege
525 3137 622 3201 modo
636 3134 799 3199 Prometb.
813 3134 849 3195 in
865 3133 981 3196 Vorbb.
999 3154 1092 3217 capp.
1105 3140 1138 3205 6.
1153 3149 1189 3199 ot
1201 3142 1233 3205 7.
1243 3129 1290 3195 ubi

199 3212 342 3305 ἱτοίροοο
362 3227 421 3287 τοῦ
442 3219 586 3310 διαλόγου
612 3235 709 3286 vacat
732 3217 914 3283 Socraticos
934 3216 1166 3301 philosophos,
1198 3224 1230 3285 et
1245 3216 1291 3281 Bi
1323 3294 1326 3303 Ι

200 3305 320 3369 Aecus.
334 3326 404 3389 esp.
418 3315 471 3377 33.
486 3323 520 3371 et
532 3329 620 3393 seqq.
662 3305 767 3390 Atqui
787 3304 903 3382 οἰκέτης
916 3302 1039 3386 ubique
1058 3302 1149 3385 apud
1166 3304 1292 3369 Nostrum

852 2724 965 2772 cantes
985 2721 1147 2774 euastata
1161 2710 1292 2777 viram
1325 2710 1328 2719 '

201 3388 365 3476 significat
376 3415 499 3470 servum,
512 3391 681 3482 famulam,
699 3387 973 3535 uongamiliarem,
997 3385 1085 3469 quod
1102 3385 1194 3454 Gom.
1207 3386 1292 3453 lietu
1335 3418 1338 3473 ς

201 3473 238 3535 iu
247 3473 320 3538 Iud.
330 3472 371 3536 ad
384 3475 474 3538 hunc
485 3482 594 3540 locum
608 3494 769 3538 sccommo
792 3494 846 3536 are
860 3476 940 3535 vult.
962 3473 1176 3545 Documento
1189 3471 1294 3555 impu·
1336 3544 1338 3553 Ι

200 3558 263 3620 mis
276 3580 343 3624 esse
357 3574 467 3644 potest
476 3566 569 3625 locus
582 3562 638 3625 Bis
647 3557 724 3624 Aac.
741 3580 767 3624 e.
785 3564 836 3626 17.
850 3556 909 3617 ubi
921 3558 1127 3619 Polemonem
1139 3552 1294 3619 salaai·
1327 3570 1330 3577 ·

202 3662 277 3705 cum
291 3645 465 3708 Academia
482 3647 554 3731 ipsa
569 3645 652 3707 dicit.
665 3648 779 3713 alsacios
793 3644 897 3730 ἑαυτῇ,
913 3661 1006 3726 quem
1020 3639 1162 3704 eundem
1172 3641 1295 3705 Ebrietas

202 3731 321 3813 οἰκέτην
345 3733 455 3813 icaria
475 3734 633 3815 appelletr
655 3733 767 3812 paullo
782 3748 880 3809 supra
903 3748 931 3791 a.
947 3734 996 3797 16.
1008 3745 1092 3788 voco
1109 3720 1295 3813 drdpiaoiot

203 3835 264 3896 pro
279 3817 397 3900 οἰκέτης
411 3837 469 3878 usa
490 3818 606 3879 fuerat.
649 3816 721 3881 Jam
736 3827 770 3876 et
785 3810 917 3875 Salanus
929 3808 1004 3873 voci
1025 3810 1146 3895 οζκὲτης
1162 3814 1295 3895 vulgstss

202 3898 294 3961 litem
311 3899 472 3981 intendit,
494 3900 662 3985 suspicans
678 3902 805 3967 οἴκοθεν
822 3894 1012 3982 legendum,
1033 3909 1068 3971 at
1082 3892 1227 3959 Gom
1239 3910 1294 3957 vot·

202 3981 248 4044 tit
253 3983 427 4072 familiaris
442 4004 556 4065 noster,
578 3984 708 4070 vulgari
719 3981 856 4046 lectioni
868 3981 993 4079 minus,
1016 4000 1111 4066 quam
1120 3980 1190 4043 loci
1204 3976 1295 4071 ratio:

202 4066 316 4146 uibus,
345 4070 597 4134 accommodate.
648 4070 738 4132 Hinc
760 4066 848 4127 nihil
877 4062 1049 4129 radebatur
1067 4063 1189 4127 certius
1210 4074 1294 4127 satu

96 4222 101 4239 ¹
202 4172 311 4236 posse,
335 4174 429 4240 quam
444 4177 503 4242 pro
519 4157 638 4248 ciuitas
653 4154 688 4218 b.
700 4157 723 4218 1.
739 4154 854 4223 οἰκεῖον
867 4146 1105 4217 restituendum
1118 4170 1199 4237 essa,
1217 4161 1294 4243 qum
