2678 4800
165 345 245 418 &4
434 350 1054 419 tonorautoras¹

150 515 312 581 ‘scotticam
335 505 471 588 legitur,
495 507 602 562 nullus
624 499 755 579 dubito,
777 502 856 584 quin
879 496 1068 583 Βρενθᾶετοι
1087 502 1133 563 sit
1155 488 1265 565 rescri-¹
1290 532 1292 567 t

168 591 327 671 bendum,
349 597 442 671 plane
459 589 506 648 uti
524 588 607 644 infra
621 583 833 668 Βρενθᾶεσθαι
846 586 930 647 inter
946 586 1006 645 alia
1022 586 1120 647 etiam
1135 592 1246 667 perieg-
1288 594 1292 652 l

168 681 375 760 χεραίνεσθαι,
405 679 651 747 neocaesaream,
680 669 833 734 redditur.
882 669 966 730 Vide
988 690 1117 753 qnoque
1136 671 1246 755 Etyma
1287 682 1292 736 i

169 760 360 844 logicumM.
384 757 418 814 in
434 755 539 816 eadem
562 755 620 814 hac
636 776 725 815 voce.
749 755 842 816 Jens.
889 752 1244 817 Cf.sch01.a‹lTinon
1286 762 1292 818 i

171 870 196 905 ο,
212 855 261 914 54,
286 842 428 903 Omnino
444 840 547 899 autem
563 839 686 898 erudite
702 837 830 897 disserit
846 836 883 898 de
906 837 969 899 hoc
986 837 1087 898 verbo
1101 837 1244 906 Hemsurl„
1286 872 1292 909 y

135 948 138 960 “
171 928 211 989 ad
228 931 326 989 Diall.
341 927 456 985 Mortt.
473 925 520 992 X,
534 931 564 990 8.
581 923 613 981 in
628 927 718 986 Tom.
734 923 777 980 ll.
793 945 821 1001 p.
837 928 909 990 531.
925 944 971 1004 sq.
994 924 1119 986 Luam(

256 1009 332 1072 Ead-
348 1013 368 1070 l.
388 1016 436 1073 12·
461 1004 526 1070 Atio
542 1003 706 1090 ἄβολούςῆ
725 1005 773 1090 τ.)
796 1007 953 1066 Summam
974 1021 1006 1067 et
1024 1006 1168 1066 infimam
1185 1026 1243 1067 rner-
1287 1015 1292 1074 l

171 1097 278 1160 cedern
308 1093 362 1152 hic
386 1093 549 1152 nominat:
580 1114 708 1173 quarum
732 1090 810 1151 haec
833 1112 1032 1150 nummorum
1055 1089 1245 1173 Anglicorou

170 1187 257 1242 valet
275 1164 370 1237 libras
387 1177 483 1235 ferme
499 1174 622 1250 decem,
646 1175 699 1232 illa
716 1174 849 1256 viginti..
875 1176 927 1235 De
941 1172 1083 1234 mercede
1095 1162 1181 1236 eo'im
1194 1175 1244 1253 pbi-

171 1263 300 1342 losophi
317 1276 351 1318 ut
366 1260 542 1340 intelligam
559 1258 645 1317 hunc
661 1263 782 1333 locum,
806 1262 969 1338 sequentia
985 1273 1126 1341 cogunt,
1150 1259 1242 1341 quibu
1288 1287 1292 1327 t

172 1371 264 1431 quam
292 1342 463 1403 difficulter
489 1357 705 1417 enumeretur,
728 1343 893 1419 edisserit3
916 1339 938 1423 ἢ
959 1358 1081 1420 autem,
1106 1342 1243 1427 quoditie

171 1454 231 1515 pro
249 1435 379 1509 vulgato
393 1428 443 1489 καὶ
456 1426 570 1498 habes,
595 1449 634 1486 ex
649 1428 681 1485 P.
696 1441 727 1486 et
739 1429 777 1486 L.
795 1442 851 1487 est.
877 1428 1003 1489 Sanan.

255 1513 329 1575 Euri.
344 1517 363 1576 l.
383 1518 430 1578 14.
456 1511 525 1594 Mirr
537 1508 647 1587 αὐτὸς)
671 1510 737 1592 Ipse
754 1511 896 1571 dominus.
919 1513 1025 1574 Baton.

256 1596 371 1660 Eadl.
393 1602 441 1663 15.
477 1596 592 1673 Οὐιος)
622 1594 814 1655 Muneribus
838 1594 983 1668 scilicet,
1013 1617 1080 1657 non
1111 1594 1245 1685 obsequio

172 1698 306 1746 tantum.
330 1682 455 1741 Sosin.

257 1767 334 1827 End.
350 1771 372 1824 l.
391 1773 439 1832 16.
465 1760 642 1843 Ξᾶμβολος)
665 1763 894 1824 Revocandum
910 1787 948 1841 es
963 1764 1166 1828 editionibus
1179 1767 1246 1849 prio·

173 1853 260 1913 ribus
278 1851 460 1931 ἷᾶμβουλος,
484 1855 535 1932 qui
554 1853 584 1908 in
606 1848 759 1909 consilium
777 1848 938 1913 adhibetur.
982 1853 1092 1911 Talem
1108 1853 1193 1915 enin
1205 1850 1246 1913 bic

172 1943 262 1998 locus
281 1939 429 2010 postulat.
452 1935 543 1996 June.

258 2021 333 2100 Peg,
349 2026 423 2084 278.
438 2024 460 2080 l·
480 2029 506 2083 l·
528 2015 650 2098 ’Ἁωρα)
676 2019 723 2076 An
748 2015 867 2100 iidmpu3
889 2019 997 2080 Boon.
1041 2018 1247 2103 ''slopedoipai

172 2104 222 2166 Ita
239 2119 271 2164 et
288 2103 422 2161 vertitur
435 2103 471 2161 ab
487 2102 726 2182 interpretibus,
745 2104 952 2186 intempestiva.
988 2105 1032 2163 At
1047 2126 1115 2163 non
1132 2106 1248 2166 veniunt

174 2187 397 2268 intempestiva
420 2188 492 2263 illa,
516 2209 648 2267 quorum
673 2186 812 2246 adventu
836 2193 927 2247 solvo
946 2209 997 2247 aes
1017 2190 1159 2249 alienum
1175 2204 1247 2249 auter

174 2287 389 2343 contractom3
415 2271 474 2330 etsi
494 2271 597 2347 tarda,
620 2285 722 2331 tamen
746 2273 951 2354 satis'utique
976 2275 1187 2355 tempestiva,
1204 2291 1247 2333 oet
1290 2276 1292 2287 '

156 2373 257 2419 certe
281 2349 422 2434 ἄνᾶνητα.
468 2357 664 2414 Ῐιηηιοέεοθ
678 2372 789 2416 auctor
801 2357 929 2434 scripsit
947 2355 1050 2438 ἄδωρα
1067 2362 1167 2439 δῶρα,
1189 2354 1248 2419 tulit
1285 2356 1292 2423 i

174 2441 268 2512 dona,
292 2462 373 2520 quae
390 2462 446 2520 pro
463 2439 556 2499 donis
572 2440 680 2497 haberi
695 2461 758 2500 oon
774 2456 918 2521 possunt,
944 2462 1013 2500 cum
1034 2457 1067 2502 et
1084 2465 1195 2504 eorum
1208 2449 1255 2523 tpt'

174 2527 207 2584 in
223 2530 310 2582 cultu
330 2524 452 2582 domini
471 2540 501 2582 et
518 2546 591 2581 mox
606 2525 639 2580 in
655 2525 741 2609 ipsos
757 2546 862 2585 servos
878 2531 949 2605 plus
962 2528 1158 2608 erogaveris,
1175 2546 1251 2609 quan

174 2609 229 2669 illa
245 2608 306 2667 tibi
327 2622 461 2683 possunt
476 2606 626 2688 redigere.
672 2608 725 2667 Sic
742 2610 773 2666 in
791 2611 925 2671 Timone
940 2626 1072 2669 notatur
1084 2612 1123 2670 ab
1139 2610 1253 2673 Barim

173 2700 303 2764 πλοῦτος
322 2687 478 2766 ἄπλουτος.
523 2693 575 2753 Sic
597 2692 629 2749 in
645 2692 788 2751 Vitarum
808 2695 967 2754 Auctione
980 2694 1194 2757 Bourdelotius
1207 2692 1254 2761 ad!

175 2777 272 2838 vertit
285 2778 388 2854 τέρψις
402 2773 536 2855 ἀτερψίη.
559 2776 611 2835 Sic
627 2776 664 2834 ab
680 2777 750 2837 aliis
764 2773 877 2857 κόσμος
892 2777 1035 2856 ἄκοσμος,
1045 2775 1137 2855 τόκος
1152 2779 1253 2853 ἄτοκος.

161 2860 283 2922 -Grtom
329 2860 393 2939 Qui
408 2861 577 2921 lectionem
595 2856 679 2940 ἄωρα
693 2862 776 2921 tueri
791 2863 878 2939 velit,
896 2864 996 2944 possit
1011 2885 1051 2923 ex
1066 2864 1203 2927 Homero
1214 2860 1256 2925 td·

173 2946 257 3006 ferre
265 2992 273 3021 ,
297 2943 352 3003 ubi
369 2944 484 3022 Odyss.
503 2953 550 3008 M.
566 2968 595 3009 r.
614 2953 665 3012 89.
682 2947 806 3024 Scyllae
826 2947 921 3027 pedes
937 2948 1091 3024 dicuntur
1103 2948 1210 3033 ἄωροι.

343 3036 401 3106 Τῆς
417 3027 481 3107 ἤτοι
500 3027 590 3103 πόδες
604 3033 661 3094 εἰσὶ
676 3029 813 3094 δυώδεκα
831 3029 939 3106 πάντες
952 3031 1058 3112 ἄωροι.

174 3113 277 3196 quue
300 3112 478 3174 Scholiasta
508 3131 598 3176 vetus
623 3136 800 3193 anonymus
822 3116 962 3196 exponit
982 3118 1099 3179 isarei·
1131 3116 1212 3180 adeo
1229 3130 1261 3178 at

176 3196 256 3259 dono
280 3197 358 3256 haec
383 3197 529 3257 dicantur
552 3203 656 3261 tenuia.
702 3199 760 3259 Vel
780 3196 865 3277 ἄωρα
892 3201 993 3277 possit
1011 3200 1084 3281 quis
1105 3222 1261 3284 exponere

173 3288 309 3362 ingrata,
331 3281 473 3362 indigna,
497 3281 758 3364 quemadmodum
780 3285 943 3369 Hesychius
958 3281 1061 3365 ἄωρον
1077 3285 1264 3369 interprete·

144 3371 146 3377 ’
175 3382 228 3426 tur
247 3367 329 3425 inter
353 3367 431 3437 alia,
455 3363 556 3445 ἄχαρι,
580 3362 717 3449 ispania.
761 3369 822 3431 Sed
838 3368 999 3430 sciendum
1016 3384 1083 3447 est,
1108 3372 1264 3432 nonsatis

180 3467 341 3525 constare,
365 3471 404 3510 ne
421 3450 504 3509 inter
518 3453 602 3527 ipsos
626 3450 751 3533 quidem
766 3469 888 3514 veteres
903 3454 1040 3514 Graecos
1062 3455 1264 3536 interpretes,

176 3533 439 3614 quemadmodum
456 3537 579 3613 Scyllae
594 3535 689 3616 pedes
705 3535 801 3618 ἄωροι
817 3537 899 3614 apud
916 3538 1079 3598 Homerum
1091 3538 1160 3598 sint
1174 3540 1267 3601 intel·

173 3617 315 3699 ligendi:
342 3617 427 3698 quod
446 3619 539 3676 facile
556 3633 639 3695 patet
654 3643 723 3680 cum
739 3643 778 3682 ex
792 3621 942 3704 Hesychia
948 3669 958 3699 ,
983 3621 1033 3707 (in
1047 3644 1128 3683 voce
1142 3622 1265 3704 Ἄωροι,

174 3702 231 3764 uhi
246 3701 284 3760 ad
302 3702 388 3761 hune
403 3702 528 3762 Homeri
544 3707 648 3762 locum
663 3705 810 3781 respicit,
835 3722 867 3765 et
882 3728 946 3765 non
963 3728 1058 3765 unam
1075 3707 1269 3790 interpreta-

174 3786 296 3844 tionem
317 3787 582 3865 comminiscitur)
605 3801 672 3846 tum
695 3808 735 3846 ex
756 3788 866 3849 eodem
883 3789 1054 3852 Scholiasta
1067 3806 1193 3871 vetere,
1213 3812 1268 3851 va·

174 3870 237 3929 rias
252 3872 411 3931 variorum
433 3892 528 3950 super
544 3869 637 3950 hujus
661 3872 863 3951 expositione
877 3873 941 3933 loci
959 3876 1136 3937 sententias
1152 3898 1270 3937 eumn-

174 3956 280 4031 lante3
303 3976 433 4035 quarum
448 3954 525 4025 haec
540 3954 667 4035 quidem
683 3954 808 4014 videtur
824 3959 946 4035 verior,
968 3957 1097 4038 Scyllae
1109 3960 1206 4041 pedes
1219 3960 1269 4019 ni·

175 4038 289 4097 mirum
307 4037 372 4097 dici
389 4037 509 4119 ἀώρους
524 4039 560 4097 ab
575 4034 695 4123 ὀρούειν
706 4039 860 4124 prosilire,·
882 4057 919 4102 ut
937 4041 1041 4127 quiin
1055 4046 1181 4126 petram
1193 4064 1268 4128 qna·

176 4120 203 4186 ai
217 4121 349 4208 impacti
363 4124 512 4213 prosilire
530 4138 703 4210 nequeant.
740 4125 838 4191 Hane
853 4128 1191 4220 quoquesenteatiara
1208 4140 1272 4214 po·
