2678 4800
45 334 48 339 ⁵
126 361 204 440 5⁹72
392 337 960 451 snpors'uronns
1040 342 1050 379 ³

124 531 316 594 Lucionecer
326 525 593 610 λντετροχνομλνος
605 525 690 587 infra
704 529 792 596 odi.
815 541 849 591 ct
861 523 1042 611 ὖφαομένος
1054 528 1135 595 Ver.
1142 531 1231 597 nist.

122 617 162 694 I,
172 623 222 685 18.
245 614 349 676 Caute
361 611 446 672 hauc
458 631 524 671 rens
537 612 572 670 in
588 609 688 671 dubio
702 610 868 696 relinquit,
891 612 1118 701 Codienmque
1133 616 1229 681 iidem

122 700 187 762 rite
199 698 395 759 aestimatam
414 693 608 776 sequendam
627 710 736 757 censet
756 695 892 759 Strunius
911 697 946 759 in
971 699 1152 764 Grammet.
1171 702 1227 765 Gr.

124 785 179 847 cf.
195 781 315 847 Aduot.
336 779 377 841 ad
393 781 496 847 Diell.
519 780 618 843 Deor.
638 778 686 855 V,
702 788 733 848 3.
750 783 843 844 Tom.
861 782 907 843 11.
920 802 995 868 pag·
1012 788 1089 854 296.
1134 786 1228 873 Quae

122 871 236 953 paullo
259 880 334 926 ante
352 879 460 926 orator
481 862 623 942 dixerat,
658 866 776 929 verber
813 858 887 955 ἄλλά
906 892 959 948 μοι
984 871 1073 935 δοκεῖ
1096 884 1162 934 eto.
1189 892 1225 935 cc

9 979 12 983 -
124 948 502 1032 Sclmiederus·elegantia
517 962 549 1009 et
563 949 596 1008 vi
613 968 668 1008 sna
683 950 845 1031 privatum
865 951 946 1025 ivit,
969 953 1103 1037 quando
1121 960 1226 1019 tnde-

122 1037 179 1097 bat
192 1040 316 1119 legeres
339 1028 429 1111 ἄλλά,
452 1059 506 1117 μοι
517 1038 615 1111 δοκεῖ,
635 1025 750 1114 τάχιστ’
764 1031 805 1099 lv
818 1037 1008 1120 ἐπιτρίψοιτο
1020 1035 1152 1124 ῥοπάλῳ
1165 1054 1222 1109 etc.

121 1120 306 1182 Articulum
318 1132 403 1180 certe
421 1134 495 1180 ante
510 1115 632 1204 ῥοπάλῳ
645 1122 745 1202 vulgo
764 1120 907 1200 positum
926 1125 1016 1183 nullo
1036 1125 1151 1206 pretio
1167 1148 1224 1188 ex·

119 1203 243 1267 turbari
258 1202 373 1286 potiar.
412 1203 453 1264 ·Si
467 1218 553 1264 recte
574 1223 731 1287 auguror,
754 1204 859 1264 movit
876 1226 966 1285 eum,
990 1221 1029 1268 ut
1053 1206 1095 1271 de
1116 1224 1223 1272 muta·

120 1291 213 1351 tione
230 1285 411 1371 cogitaret,
434 1287 602 1370 ignoratus
626 1291 679 1348 vel
699 1291 864 1371 neglectus
882 1310 960 1350 usus
980 1292 1167 1373 particulae
1184 1290 1221 1362 da

119 1395 194 1435 curn
206 1370 380 1433 Infinitive
395 1392 577 1449 connexae,
600 1392 691 1457 quern
704 1385 810 1433 tamen
823 1377 875 1435 vel
888 1396 929 1434 ex
943 1373 1007 1435 hoc
1020 1374 1096 1459 ipso
1107 1379 1220 1441 Lucio·

118 1483 158 1520 nc
170 1454 362 1541 cognovisse
378 1470 411 1516 et
426 1471 553 1537 poterat
564 1470 597 1518 et
614 1454 758 1518 debebat.
803 1456 940 1519 Contuli
959 1463 1033 1521 loca
1059 1468 1217 1527 nonnulla

117 1542 152 1602 in
169 1543 257 1605 Varr.
274 1540 382 1602 Lectt.
399 1540 438 1601 ad
455 1540 593 1601 Charon.
610 1563 637 1600 c.
655 1547 705 1608 17.
728 1542 847 1602 Lunna.
1156 1548 1160 1553 '
1195 1544 1198 1549 ’

201 1626 280 1688 Eae.
292 1629 315 1687 l.
333 1632 383 1691 11.
411 1618 476 1689 Otia
488 1622 602 1710 ἤνεγκα
622 1661 666 1674 -
686 1634 751 1700 τοῖς
766 1623 888 1706 ξύλοις)
913 1627 1084 1692 Lucienus
1108 1628 1216 1696 decla·

114 1726 243 1772 returns
257 1708 500 1791 Philosophiae,
512 1724 545 1771 et
559 1708 686 1792 reliquo
700 1709 969 1813 philosophorum
988 1716 1114 1792 coetui,
1135 1737 1212 1801 qnos

114 1807 224 1861 corum
239 1793 425 1856 nominibus
438 1795 554 1874 passim
570 1794 828 1877 perstrinxisset,
850 1817 967 1859 venum
979 1802 1211 1881 proposuisset,

113 1896 146 1941 et
160 1877 346 1941 omnimodo
372 1877 564 1940 deridendos
587 1879 809 1961 propinasset,
837 1881 948 1943 acerbe
968 1884 1116 1967 exagitet
1139 1902 1213 1967 ψεο·

112 1963 358 2046 δοφιλοοόφοος,
380 1983 518 2044 eosque,
541 1965 647 2044 quise
667 1984 759 2024 veros
773 1965 980 2046 antiquorum
996 1965 1210 2054 philosopho-

112 2072 183 2110 rum
197 2063 368 2110 sectatores
385 2048 468 2108 falso
480 2047 724 2129 ja⁴ctabaut,suis
740 2048 903 2111 coloribus
920 2049 1114 2135 depingens,
1138 2069 1209 2115 ttu-

113 2131 185 2196 dem
203 2148 366 2215 comparat
381 2134 454 2191 illos
470 2135 540 2193 cuni
558 2153 613 2212 eo,
636 2132 693 2216 qui
709 2133 777 2214 ipse
790 2135 895 2194 mollis
910 2148 943 2197 et
956 2135 1164 2199 effeminatus
1175 2138 1206 2199 iu

37 2276 40 2285 ,
112 2238 205 2279 scena
220 2219 377 2279 sustinere
390 2218 471 2280 velit
485 2238 652 2299 personam
670 2216 807 2278 Achillis
824 2221 875 2281 vel
892 2220 1062 2297 Herculis,
1084 2243 1154 2283 non
1167 2221 1206 2285 si-

109 2323 151 2364 ne
164 2318 379 2387 spectatorum
393 2324 467 2366 vere
482 2301 694 2385 judicantium
710 2301 790 2379 risu,
807 2317 839 2364 et
853 2302 978 2406 pudore
991 2325 1119 2385 eorum,
1155 2328 1205 2369 uo-

109 2409 181 2449 rum
196 2409 363 2469 personam
376 2402 498 2471 gerant.
542 2387 598 2446 Ait
619 2387 748 2468 itaquez
770 2382 830 2451 ὀὐκ
848 2384 960 2472 η’νεγκοι
980 2386 1039 2470 τὴν
1061 2394 1203 2475 αἰσχυνῇ

107 2477 163 2554 τῆς
178 2468 383 2556 ὑποκρίσεως,
407 2475 433 2536 εἰ
446 2475 578 2551 πίθηκοι
595 2469 698 2546 ὄντες,
728 2469 894 2553 ἐτόλμησαν
913 2468 1025 2554 ἡρώων
1038 2484 1204 2559 apsentis

106 2559 305 2639 περιθέσθαι,
328 2555 417 2636 dciv
434 2559 466 2620 ἐν
488 2552 573 2639 Κῦμῃ
590 2555 664 2631 ὄνον
686 2553 895 2637 μιμήσασθαι,
918 2553 954 2632 ὃς
975 2566 1102 2641 λεοντῆν
1122 2586 1203 2643 πνοι·

105 2637 309 2726 βαλλόμενος,
330 2638 419 2722 ἠξίου
440 2642 515 2704 λέων
530 2637 623 2715 αὐτὸς
637 2636 731 2711 εἶναι.
753 2639 832 2723 πρὸς
850 2638 1039 2725 ἀγνοοῦντας
1051 2643 1125 2722 τούς
1139 2654 1201 2713 Κο-

105 2727 215 2809 μολοος
228 2722 399 2809 ὀγκώμενος
413 2725 492 2808 μάλα
505 2723 597 2811 coepi
614 2727 666 2790 καὶ
678 2723 934 2808 καταπληκτικὸν,
950 2726 1019 2811 ἄχρι
1034 2727 1073 2811 δή
1088 2756 1136 2807 τις
1148 2724 1200 2797 ni-

102 2812 158 2893 τὸν
172 2813 258 2888 ξένος
273 2815 323 2876 καλ
337 2813 443 2878 λέοντα
462 2807 556 2888 idcir,
579 2813 632 2874 καὶ
648 2808 723 2877 ὄνον
736 2808 897 2890 πολλάκις,
918 2809 1038 2898 ἤλεγξε,
1060 2816 1116 2883 eol
1136 2812 1199 2885 cinr-

104 2898 194 2972 δλοξε
206 2901 306 2962 ποίων
319 2905 382 2971 τοῖς
396 2892 506 2973 ξύλοις.
549 2895 696 2959 Nimium
714 2899 862 2979 elegans,
885 2911 917 2959 et
938 2898 1110 2962 intellectu
1126 2902 1198 2963 faci·

101 2981 143 3042 lis
159 2980 214 3041 hic
228 2984 320 3043 locus
336 2996 402 3056 est,
427 3001 521 3064 quam
538 2995 576 3042 nt
589 2995 652 3041 tam
666 2980 804 3060 turpiter
815 2980 855 3040 ab
872 2980 1089 3049 oscitabunde
1105 2982 1212 3049 iuter.

100 3080 199 3148 prete.
220 3066 348 3126 tractari
371 3063 530 3127 debuerit.
573 3062 756 3126 Posteriora
780 3064 931 3127 nimirum
952 3064 1138 3131 adulterans
1155 3069 1196 3133 itt

14 3154 16 3159 ’
100 3151 215 3213 vertit:
236 3152 339 3213 Donec
356 3149 477 3236 qnidam
493 3151 595 3235 hospes
607 3174 637 3211 se
652 3147 763 3211 leonem
774 3166 802 3211 et
815 3155 931 3213 minum
944 3149 1044 3221 didm
1053 3175 1142 3238 saepe
1153 3178 1198 3217 er·

96 3232 178 3317 gals,
202 3251 230 3296 et
240 3235 329 3324 fuste
346 3233 469 3297 caedens
490 3238 637 3299 insecutus
655 3248 707 3294 est.
752 3233 889 3296 Asinius
911 3234 1060 3317 profecto
1079 3239 1194 3305 Vettio.

98 3322 220 3382 Totum
236 3325 343 3382 locum
356 3318 402 3379 ita
418 3316 537 3383 reddor
561 3317 653 3381 Talia
665 3340 716 3381 vos
725 3321 793 3404 poti
803 3318 842 3379 cd
857 3316 1048 3398 illiavidens,
1069 3320 1197 3387 seneli

95 3399 288 3490 ὖποκρίοεως
301 3404 442 3480 dedecus,
464 3405 491 3464 si
507 3428 574 3466 cnm
587 3406 807 3480 simicees'senr,
830 3429 941 3466 sumere
955 3403 1076 3467 Ιιινοωη
1091 3430 1196 3490 pmc-

96 3514 154 3554 ncs
176 3494 244 3552 ausi
260 3493 320 3552 sint
327 3535 339 3566 ,
367 3487 416 3550 nel
433 3490 547 3550 ἰοιίλανί
563 3484 764 3550 sustinerint·
774 3486 938 3551 Cumanum
956 3487 1047 3551 illum
1062 3494 1194 3569 asinum

80 3621 83 3625 -
118 3579 150 3635 ui
164 3575 310 3636 leoninam
334 3573 472 3650 indutus,
493 3572 609 3635 nolebat
628 3573 736 3657 etipse
756 3571 800 3634 leo
822 3576 946 3651 censeri,
975 3572 1060 3656 opud
1077 3572 1195 3659 ignum

96 3603 238 3725 itamaros
260 3658 366 3720 rudens
389 3656 479 3718 valde
496 3680 630 3741 asperum
647 3671 675 3716 et
698 3655 866 3737 ison-idum,
896 3656 991 3719 donec
1004 3683 1073 3721 enm
1095 3660 1194 3746 hospes

93 3742 233 3832 qnidam,
253 3748 344 3829 quiet
357 3743 467 3805 hortem
482 3758 510 3803 et
522 3745 638 3803 asinum
658 3763 745 3824 saepe
759 3740 874 3803 uiderat
889 3740 1008 3827 (etque
1024 3741 1119 3818 ideo,
1140 3742 1194 3831 qui

90 3832 218 3890 leonem
245 3831 283 3888 ab
300 3830 391 3888 asino
413 3826 513 3909 probe
526 3823 647 3886 sciebat
661 3823 870 3910 dignoscere)
886 3821 1041 3909 coarguit,
1062 3828 1194 3913 erfurd-

93 3912 148 3974 bus
159 3911 282 3995 pulsans
297 3913 404 3996 abegit.
442 3911 542 3972 ‘Sicut
557 3909 612 3970 hic
624 3909 757 3972 Cumaei
774 3908 926 3973 dicuntur
940 3909 1120 3995 aliquando
1131 3932 1192 3975 noo

91 3997 240 4079 potuisse
260 3999 588 4081 agnoscereleonem,
611 3993 657 4055 ita
679 4008 713 4057 et
734 3993 925 4078 elephantos
945 3996 1089 4079 primurn
1109 3997 1193 4062 vim

91 4081 169 4143 Itali
182 4080 366 4142 habuerunt
381 4102 440 4162 pro
454 4078 577 4158 bobus,
600 4083 877 4162 appellaruntque,
901 4093 1078 4163 utnotum,
1098 4078 1191 4145 tote

90 4167 207 4232 Lucas,
228 4165 323 4232 Jsss.
368 4165 538 4231 Asiniuern
552 4164 665 4241 ists‘us,
688 4164 783 4252 quani
804 4164 922 4231 sessos
936 4165 1190 4250 vocatrvcnio-
