2678 4800
210 402 287 479 590
391 434 394 441 ·
475 410 1047 468 annonarronas

211 591 267 633 cus
284 587 352 631 esre
372 565 483 647 potuit
504 563 538 625 in
562 582 637 646 pera
655 561 792 643 Cynici,
815 560 973 625 delicatae
996 563 1085 627 vitae
1107 554 1318 629 utlniinicullr

208 650 436 737 etllpraesidiis
462 651 605 729 impleta.
651 649 721 731 Age
742 669 830 707 nunc
852 647 1018 709 audiamus
1044 649 1251 735 Seyboldum}
1274 654 1318 713 tic

211 729 439 802 somniantem:
463 734 588 810 „Innui
605 747 685 814 puto
703 737 851 808 cultrum,
874 733 931 812 qui
948 737 1060 814 major,
1084 758 1182 820 quam
1199 737 1237 809 ii,
1262 737 1315 821 qui

211 825 360 888 communi
376 824 443 880 usui
457 817 705 890 adhibebantur,
729 817 839 892 fuerit,
862 816 936 876 talis
951 818 1087 897 seilicet,
1106 821 1164 902 qui
1179 838 1313 882 mactan-

210 909 262 970 dis
278 906 418 966 victimis
442 900 653 978 inserviebat,
678 922 835 982 quemque
852 901 885 959 in
910 922 984 980 pera
1002 906 1182 966 occultavit
1199 906 1314 968 Philo-

209 992 348 1074 sophus,
372 1001 408 1047 ut
421 987 538 1047 habeat
551 987 674 1058 statim,
699 981 846 1069 qrriequicl
857 986 1027 1068 obtigerit.“
1059 991 1150 1049 Mira
1165 992 1311 1070 profecto

209 1074 385 1142 sententia,
412 1088 443 1133 et
462 1072 495 1130 iu
513 1093 545 1131 se
563 1072 631 1153 ipsa
648 1071 831 1132 vanissime.
876 1071 977 1132 Porro
1000 1072 1093 1154 q'uem
1108 1073 1244 1137 Solonas
1257 1097 1311 1136 ex-

209 1159 369 1244 cogitavit
382 1162 487 1217 lusum
503 1156 671 1216 verborum
687 1159 877 1236 μαχαιρίδων
893 1169 925 1215 ct
944 1157 1140 1240 ἐγχειρίδιον,
1168 1160 1311 1244 ingenio.

207 1266 242 1306 se
260 1241 386 1325 quidem
406 1241 521 1314 istum,
546 1239 601 1300 sed
617 1239 711 1298 nimis
728 1253 834 1300 tamen
857 1239 1048 1320 artificiose,
1072 1264 1109 1303 ac
1121 1266 1228 1326 paene
1243 1266 1310 1327 ope·

207 1351 298 1398 rose,
322 1328 499 1410 quaesitum
517 1324 647 1407 judico,
669 1340 820 1404 recteque
842 1339 955 1406 postea
972 1326 1042 1407 ipse
1062 1328 1093 1388 ei
1111 1331 1307 1393 renuntiasse

207 1413 347 1475 videtur.
394 1409 667 1489 Restatlomnium
679 1409 936 1490 simplicissima,
961 1425 998 1468 ut
1010 1411 1093 1470 mihi
1108 1411 1260 1491 videtur,
1279 1430 1307 1476 et

206 1494 467 1580 probabilissima
482 1495 583 1571 ratio,
602 1515 695 1574 quam
712 1494 807 1554 etiarn
826 1491 967 1554 Gesnerus
980 1507 1012 1554 et
1030 1496 1227 1575 Wielondius,
1249 1503 1305 1561 ele·

207 1580 389 1665 gantissimi
412 1580 494 1654 viri,
518 1579 552 1636 in
576 1577 779 1638 versionibus
801 1579 869 1637 suis
890 1579 1010 1658 secuti,
1034 1604 1195 1665 quamque
1218 1584 1303 1645 etiam

205 1664 381 1740 Mamilius,
406 1683 595 1746 quamquam
611 1684 677 1721 non
693 1661 856 1722 subtiliter
870 1664 948 1733 satis
960 1664 1046 1726 inter
1062 1671 1204 1727 cultrum
1218 1669 1302 1728 sacri·

206 1751 387 1811 ficatorium
406 1763 438 1808 et
460 1752 619 1828 epularem
635 1746 856 1830 distinguens,
880 1753 1044 1829 amplexus
1059 1766 1117 1812 eat.
1166 1754 1302 1836 Secespi·

205 1849 269 1895 tarn
289 1835 410 1894 Graece
433 1834 499 1892 fere
522 1837 654 1916 σφαγίδα
674 1831 851 1906 vocabant,
876 1838 1067 1916 μαχαιρίδων
1079 1830 1161 1898 ¹vero
1179 1837 1212 1900 b.
1228 1842 1249 1899 l.
1262 1851 1301 1899 eat

205 1925 323 1996 culter,
345 1939 410 1997 quo
427 1918 460 1974 in
478 1939 584 1976 mensa
602 1915 783 1977 utebantur.
828 1916 936 1982 Sedh.
952 1921 973 1979 l.
989 1925 1114 2005 nequis
1137 1937 1232 2004 putet
1247 1923 1299 2004 cy·

204 2006 313 2062 uicum
337 2002 487 2084 vulgarem
511 2005 672 2062 cultellum
697 2001 731 2060 in
756 2023 830 2082 pera
857 2016 1011 2085 gestasse,
1045 2027 1238 2090 quamquam
1256 2010 1297 2068 vel

203 2089 277 2147 talis
293 2109 362 2146 cum
384 2086 555 2167 principiis
572 2085 799 2169 philosophiae
816 2087 959 2167 Cynicae
974 2111 1117 2173 pugnare
1133 2091 1236 2154 videri
1249 2090 1296 2152 de-

202 2172 311 2247 bebat,
335 2171 466 2232 additur
490 2172 588 2233 etiam'
604 2171 749 2248 θυτικὸν,
773 2171 804 2237 b.
819 2193 847 2232 e.
865 2175 967 2234 culter
983 2176 1018 2233 in
1032 2177 1217 2253 sacrificiis,
1241 2178 1291 2238 ie.

202 2256 238 2316 in
262 2258 356 2340 epulis
378 2256 636 2330 sacrifieialibus‚
661 2256 821 2330 solennis,
846 2278 913 2316 non
938 2262 1100 2320 communi
1122 2277 1156 2324 et
1179 2260 1292 2346 vulgari

201 2343 277 2402 usui
303 2342 496 2412 destinatus.
523 2363 589 2400 uno
606 2341 702 2402 verbo
718 2339 862 2423 epularis,
887 2341 939 2400 ein
961 2345 1172 2423 Festmesser,
1194 2347 1291 2407 Soun-

200 2441 408 2510 tagsmesser,
433 2449 456 2486 s.
476 2428 687 2503 Gastmesser,
709 2441 747 2484 ut
767 2425 951 2489 Wielantlius
964 2430 1080 2511 vertit3
1103 2436 1195 2513 cujus
1211 2450 1293 2517 gent-

126 2584 128 2589 .
199 2513 245 2571 ris
262 2515 295 2570 in
312 2511 471 2588 Bithynia
491 2511 692 2590 potissimum
720 2510 754 2568 in
773 2512 1005 2595 elegantiorum
1023 2514 1292 2576 hominumfuaum

179 2657 185 2665 ⁴
200 2596 373 2655 fabricatos
391 2611 457 2652 tum
475 2595 626 2674 temporis
639 2596 749 2673 fuisse,
761 2611 873 2656 auctor
888 2596 1135 2661 estCasoubonus
1148 2598 1291 2663 adArlen

198 2701 231 2761 p.
249 2688 321 2748 278.
344 2695 376 2741 et
400 2687 472 2744 279.
518 2679 634 2760 Cogita
658 2682 784 2762 itaque,
809 2681 874 2740 nisi
898 2681 944 2741 ita
968 2684 1064 2744 etiarn
1087 2685 1186 2745 scribi
1206 2684 1291 2763 velis,

200 2764 288 2846 quod
306 2786 369 2825 nnn
387 2763 522 2824 absnrcle
539 2763 645 2839 heret,
670 2770 855 2849 μαχαιρίδων
876 2765 1118 2847 Βιθυνικὸν,
1140 2774 1194 2832 vel
1208 2778 1293 2836 Βιθν·

196 2846 264 2915 νόν.
295 2847 392 2934 Quod
412 2849 594 2910 Scholiasres
609 2848 687 2912 haec
702 2851 736 2909 in
755 2851 957 2932 explicandis
974 2853 1109 2938 singulis
1123 2853 1221 2937 hujus
1235 2854 1291 2917 loci

196 2935 333 2995 vocibus
352 2935 479 3013 omisit,
503 2941 571 3017 ejus
592 2935 637 2995 rei
654 2935 762 2998 variae
784 2937 921 3020 cogitari
942 2953 1080 3018 possunt
1094 2960 1244 3016 caussae3
1265 2953 1292 3001 et

196 3019 284 3104 quod
309 3042 344 3080 ea
368 3041 478 3079 revera
503 3041 519 3079 a
544 3018 615 3080 cod.
638 3028 732 3089 3011.
752 3010 887 3099 absunt,
906 3021 995 3083 nihil
1017 3023 1052 3083 id
1076 3022 1213 3106 probat,
1234 3023 1291 3087 uisi

193 3103 320 3166 librarii
336 3104 593 3187 indiligentiarn3
617 3104 754 3184 certe2ad
769 3105 929 3189 ejicienda
943 3107 1022 3170 haee
1035 3107 1131 3172 verba
1145 3131 1215 3173 non
1228 3110 1292 3173 suf·

193 3188 283 3252 ficiat
299 3191 359 3249 ista
378 3191 565 3251 auctoritas.
600 3191 720 3249 Lenia

194 3286 201 3313 ¹
279 3275 358 3339 leid.
382 3278 444 3339 Καὶ
458 3275 650 3359 κάτοπτρον)
673 3276 761 3338 Haec
777 3278 939 3362 eleganter
952 3276 1143 3362 apudApul.
1160 3279 1292 3364 in'Apol.

189 3359 329 3425 Bonan.

275 3447 351 3529 Pag.
372 3449 480 3512 17111Ι
499 3447 530 3512 5.
550 3441 683 3526 Ἀνδρῶν
706 3448 737 3522 ἐς
749 3441 822 3522 roric
842 3447 990 3528 χρηστούς
1006 3447 1205 3535 μεμιγμένοι)
1226 3448 1291 3511 Alit

190 3532 321 3617 Anglic.
331 3532 411 3595 Cod.
429 3531 546 3591 lertio:
571 3535 603 3595 oi
616 3538 729 3611 φαῦλοι
740 3538 801 3597 ταῖν
819 3527 939 3612 ἀνδρῶν
954 3559 985 3598 τε
999 3533 1072 3610 τούς
1085 3533 1236 3618 roboreae
1248 3558 1290 3616 pe·

88 3682 91 3698 ἕ
189 3621 361 3700 μιμημένοι.
384 3620 520 3680 llounn.
565 3623 608 3679 Σε
623 3643 646 3678 τ.
662 3643 689 3697 χ.
704 3641 846 3699 μεμιμημ.
865 3619 905 3682 A.
916 3620 949 3682 P.
964 3633 997 3679 et
1011 3620 1053 3680 L.
1069 3621 1136 3682 nisi
1152 3618 1243 3703 quod
1258 3620 1289 3679 iu

188 3702 230 3763 A.
238 3725 296 3784 pro
315 3725 347 3768 σε
362 3703 484 3784 legitur
498 3727 537 3764 τε.
581 3701 619 3760 In
635 3701 717 3762 Edd.
734 3705 764 3776 ἐς
777 3727 802 3765 τ.
819 3729 845 3784 χ.
861 3705 1043 3788 μεμιγμένοι.
1068 3705 1200 3767 Sosia.
1244 3700 1289 3764 Ad

188 3787 287 3847 trium
302 3787 432 3848 illorum
451 3784 554 3846 Codd.
575 3787 798 3846 auctoritatem
814 3787 971 3849 accedunt
985 3805 1017 3852 et
1031 3804 1094 3852 tres
1112 3790 1170 3852 alii
1188 3786 1287 3852 codd.

186 3891 297 3932 recens
319 3871 448 3946 collati,
472 3877 567 3938 2954.
586 3879 681 3939 3011.
703 3885 734 3932 et
753 3872 862 3948 Gorl.‚
887 3873 996 3956 quiet
1018 3873 1084 3958 ipsi
1103 3874 1287 3948 lectionem,

102 4016 105 4023 ,
184 3953 293 4018 Belino
316 3955 483 4037 probatam
502 3973 535 4016 et
551 3979 569 4017 a
586 3955 774 4018 Schmierlero
791 3961 854 4038 jam
873 3973 1054 4041 receptam,
1087 3950 1285 4022 confirmarit.

186 4041 309 4105 Contra
331 4055 382 4099 tot
400 4062 516 4102 vocum
539 4062 728 4102 consensum
748 4062 814 4102 non
830 4042 966 4126 amplius
987 4044 1136 4124 profecto
1157 4044 1242 4108 tueri
1256 4062 1286 4104 ιι

181 4141 293 4279 potest
313 4129 446 4212 vulgate
461 4126 579 4207 lectio,
601 4126 681 4191 licet
696 4148 755 4191 nec
770 4127 842 4214 ipsa
858 4148 916 4214 per
937 4151 972 4194 sc
984 4130 1086 4197 fucrit
1098 4124 1283 4220 spernenda

215 4233 303 4275 narr.
