2678 4800
290 428 347 474 tn.
390 421 600 495 ursanus
642 381 931 479 scurronum.
978 466 985 477 ,
1043 398 1159 495 ⁴522

57 581 188 641 som.
234 572 392 652 Γνίφωνα,
411 589 554 650 porcum,
580 562 681 647 Guyet.
725 560 788 625 Sed
802 566 917 627 vellem
933 571 1158 635 auctoritatem

57 663 250 732 indicasset,
274 677 339 716 non
362 654 446 713 enim
463 649 597 711 invenio
619 668 772 730 usquam:
795 667 892 732 quare
912 651 1026 717 Salano
1043 655 1160 719 adsen-

56 748 139 821 tior,
166 762 282 803 nornen
306 737 472 820 proprium
485 733 563 816 inde
577 731 724 795 facienti.
769 733 888 795 Verum
906 735 935 794 si
950 762 1075 802 uvarum
1089 756 1160 802 tan.

57 820 224 892 tumrnodo
238 821 419 908 significare
432 839 562 880 necesse
575 830 641 893 est,
666 831 704 891 ut
717 816 884 879 versiones
896 817 1054 899 habuere,
1078 846 1160 891 am,

57 915 121 995 φὰν
139 912 247 994 potius
266 914 370 990 legas,
394 903 432 965 de
452 924 517 985 qua
531 922 610 962 voce
633 897 697 963 vid.
713 898 832 961 Kaster.
851 899 890 961 ad
902 904 1057 988 Aristopb.
1074 898 1159 974 Plut.
1213 896 1216 907 ¹

58 1007 132 1068 590.
179 991 239 1055 sed
253 992 336 1051 nihil
357 988 537 1049 mutatione
556 992 637 1066 opus
654 998 710 1048 est.
731 986 855 1046 Rnrrz.
900 989 1064 1072 Seybolrlss
1080 991 1161 1059 baec

56 1079 202 1152 notarit:
226 1072 463 1154 „scribendum
479 1071 564 1129 forte
581 1076 674 1149 Γνιφ.
702 1068 782 1128 Esse
796 1068 924 1130 videtur
940 1095 1057 1135 nomen
1074 1077 1159 1156 Viri,

58 1183 128 1228 tum
151 1161 305 1243 temporis
325 1178 382 1239 per
400 1153 568 1215 avaritiam
587 1153 675 1228 noti,
702 1173 795 1234 quem
810 1151 885 1214 heic
900 1159 1018 1241 pungit
1032 1151 1161 1222 Lucia..

58 1272 130 1310 nus.
151 1283 195 1296 -—
216 1249 393 1304 Torserunt
408 1261 440 1297 se
456 1237 598 1298 Clericus
614 1251 646 1296 et
659 1228 807 1318 (iuietus,
822 1236 901 1318 quid
916 1244 1057 1323 γνίφώνα
1072 1243 1161 1308 hunc

57 1335 193 1394 faciant.
217 1351 284 1388 non
303 1324 469 1403 torsissent
486 1342 536 1401 se,
559 1320 587 1379 si
604 1319 726 1404 aliquid
746 1318 972 1388 suboluissent.
1016 1328 1164 1399 lsamub

59 1434 129 1493 tos,
153 1416 210 1497 qui
230 1434 300 1473 curn
315 1402 463 1469 Lucieno
485 1403 699 1482 vivebant,·a
715 1401 834 1487 Satyro
854 1410 923 1488 ejus
937 1405 976 1467 flu
1001 1412 1070 1472 ellis
1086 1435 1163 1476 cae·

59 1525 113 1564 sos
130 1520 213 1574 esse,
235 1493 407 1557 verisimile
431 1505 495 1553 est:
520 1488 574 1550 sed
587 1493 665 1550 tales
683 1489 743 1549 hae
765 1488 939 1552 allusiones
955 1433 997 1554 nl
1012 1495 1099 1557 hunc
1114 1488 1163 1559 ilss

57 1593 124 1648 lum
143 1586 256 1658 virum,
279 1601 315 1639 ea
330 1591 433 1638 aetate
446 1574 487 1635 ob
504 1573 567 1634 hoo
582 1577 633 1634 vel
650 1571 732 1633 illud
749 1573 867 1634 vitium
878 1575 1048 1654 celebrem,
1071 1586 1178 1664 eujus·

57 1669 150 1744 libri,
182 1667 238 1750 qui
262 1662 353 1724 nobis
377 1675 513 1738 restant,
542 1680 608 1719 non
634 1657 977 1743 memineruntunobis
1001 1665 1164 1745 perierest‘

60 1752 118 1818 Sio
132 1758 193 1834 jam
210 1748 348 1823 Salanus,
373 1760 405 1806 et
419 1759 505 1805 recte
522 1740 660 1827 quidem,
678 1755 843 1803 statuerat.
889 1744 957 1828 Qui
971 1745 1005 1805 in
1026 1747 1163 1832 Cataplo

62 1853 96 1900 et
111 1839 144 1895 in
163 1836 297 1899 Somnio
316 1854 339 1895 s.
356 1831 452 1890 Gallo
472 1828 701 1912 perstringitur
717 1829 902 1889 foenerator
924 1829 1093 1911 sordidus,
1118 1833 1166 1894 is-

63 1944 127 2005 que
146 1922 280 1982 Lucieno
296 1914 457 1997 aequalis,
482 1911 565 1972 idem
580 1910 612 1973 b.
627 1915 648 1971 l.
668 1910 805 1994 cogitari
824 1910 927 1980 debet.
970 1915 1010 1975 In
1027 1917 1167 1993 Timone

61 2027 140 2068 vero
166 2021 307 2064 extremo
328 2000 457 2076 Γνίφων
478 1994 586 2072 lictum
608 2008 656 2054 est
678 2016 795 2054 nomen
816 2017 856 2056 ex
879 2011 984 2060 aetate
1007 2001 1166 2086 Timonis,
1209 2031 1212 2034 ¹

63 2111 132 2173 quo
149 2104 255 2147 tamen
277 2098 309 2144 et
332 2083 404 2163 ipso
421 2079 559 2162 scriptor
574 2083 738 2162 aequalem
760 2100 854 2140 suum
873 2082 1033 2146 fumosum
1049 2090 1167 2151 vellere

60 2174 183 2236 voluit.
206 2170 326 2229 Lmrnr.

153 2253 324 2318 Ead.l.12.
339 2248 442 2313 ’Ἲὸιον
454 2241 538 2333 αὐτῷ
551 2245 683 2333 συλλογ).
707 2240 998 2337 Stoicoscosrguit
1011 2255 1169 2338 γνίφωνᾳς

64 2338 157 2414 ὄντας
175 2343 290 2420 χαίρειν
306 2343 356 2434 ,τῷ
376 2340 563 2421 συλλογισμῷ
569 2384 579 2411 ,
609 2328 679 2417 ἤτοι
701 2342 743 2421 τῷ
763 2333 899 2442 χρήματᾳ
919 2339 1080 2425 oullbysup
1124 2328 1168 2423 ln

62 2426 131 2488 hoc
144 2426 228 2485 enim
247 2421 366 2502 accipit
384 2422 610 2501 συλλογίζεσθαι
625 2417 777 2481 vellicans
793 2428 928 2499 ευφυῶς.
954 2422 989 2490 G.
1058 2432 1081 2439 ‘'
1125 2436 1127 2440 “
1160 2420 1162 2426 ’

61 2591 64 2595 ⁴
127 2576 131 2582 .
150 2509 224 2590 Peg.
245 2512 314 2572 119.
329 2508 351 2564 l.
366 2512 397 2572 3.
418 2497 558 2584 Ἑτὲρους
570 2500 703 2582 τόκους)
724 2498 800 2568 vid.
817 2507 976 2590 Spanlan.
989 2507 1029 2572 etl
1040 2511 1171 2583 Aristo.

59 2596 190 2681 planem
205 2591 430 2671 Nsrpsb1155·
465 2588 569 2648 ΟΜΝ·

151 2677 227 2740 Earl.
240 2680 262 2738 l.
276 2684 306 2742 6.
336 2673 411 2737 Τὸν
435 2669 693 2758 συλλογισμὸν
717 2669 835 2739 «incisi
861 2678 997 2759 φησιν]
1020 2667 1168 2763 Sequun-

64 2780 120 2826 tur
136 2762 205 2842 ipsa
226 2757 412 2841 syllogismi
429 2757 540 2832 verba,
564 2778 646 2838 quse
664 2780 735 2818 eum
750 2760 784 2819 in
801 2758 930 2828 modurn
946 2763 1039 2828 edere
1055 2751 1170 2848 plebes

63 2849 140 2920 bat,
166 2856 257 2926 quern
282 2843 453 2917 constituit
479 2840 526 2903 Jo.
552 2841 705 2923 Sergerus.
758 2844 1039 2927 Propositiousm,
1074 2840 1170 2932 ψη)
1271 2878 1273 2883 ·

64 2929 189 3014 Logici
207 2928 338 2998 dicunt,
360 2925 514 2986 minorem
529 2947 592 2985 una
616 2949 685 2986 cum
702 2924 770 3009 ipss
783 2926 996 2994 'conclusione
1003 2919 1019 3010 ,¹
1035 2931 1099 2995 hoo
1112 2921 1171 3018 est,

66 3017 184 3080 verba:
209 3007 281 3076 ἀλλὰ
300 3007 359 3092 μὴν
381 3042 423 3057 -
445 3005 601 3091 δεύτερού,
627 3031 710 3087 casu,
736 3013 872 3092 opinor,
896 3015 930 3073 in
948 3017 1038 3078 Gorl.
1054 3011 1171 3093 omissa

70 3113 166 3162 sunt:
191 3111 292 3169 certe,
317 3095 373 3154 ubi
389 3102 725 3175 totus'exspectaretur
740 3097 955 3180 syllogismus,
979 3082 1171 3184 hypothesii

70 3189 140 3246 sola
157 3187 246 3242 nullo
262 3179 358 3240 modo
380 3177 605 3239 satisfaciebat.
650 3180 710 3243 Kal
732 3195 836 3241 autem
856 3183 890 3240 in
910 3184 1029 3245 minori
1045 3185 1174 3268 inpedit
1239 3207 1250 3253 ,-

71 3270 231 3330 formulae
249 3265 425 3339 rationem,
450 3276 545 3345 atque
567 3260 647 3325 arle'o
666 3262 752 3324 recte
768 3286 784 3323 a
799 3263 924 3347 Sergero
940 3274 1085 3345 exsulare
1100 3274 1175 3353 jus·-
1197 3264 1199 3267 ’
1256 3334 1269 3338 ,Α

73 3373 161 3412 sum:
195 3351 393 3410 aberraverat
421 3348 485 3407 huo
514 3369 554 3407 ex
584 3346 802 3430 sequentibus.
852 3351 1007 3435 Denique
1028 3345 1175 3438 quaeras,
1231 3376 1237 3385 ·

74 3434 239 3521 quodnam
259 3435 292 3493 iu
318 3430 446 3514 λήψεται
463 3432 507 3491 sit
529 3430 726 3513 Subjeotum.
771 3433 932 3517 Interpres
945 3437 1085 3521 Latinus
1105 3459 1174 3525 stop
1237 3504 1240 3511 ,
1308 3464 1315 3489 ²

73 3525 157 3582 male
183 3518 310 3602 quidem
332 3517 489 3602 suggessit
502 3512 632 3600 sapiens.
676 3506 760 3579 Vid'e
786 3532 909 3594 tamen,
933 3541 1029 3602 quam
1048 3526 1177 3604 placeat

76 3609 147 3686 ipse
163 3603 373 3688 Syllogirmus,
397 3606 487 3683 cujus
502 3622 635 3681 persons
652 3600 746 3662 etiam
760 3601 795 3662 in
811 3602 926 3670 Piscat.
943 3626 969 3664 o.
982 3613 1035 3675 39.
1052 3613 1104 3677 40.
1121 3592 1177 3683 los-¹

77 3710 178 3773 quens
202 3709 218 3746 a
242 3689 350 3749 Nostro
369 3685 568 3767 producitur.
613 3686 731 3746 Verum
748 3687 836 3769 ipse,
859 3688 981 3767 fateor,
1004 3711 1072 3755 non
1092 3672 1177 3753 ’ωᾶιῖ

78 3788 145 3832 tum
161 3771 238 3832 huic
254 3769 433 3832 sententiae
449 3768 567 3828 tribuo.
600 3770 719 3829 Lnrrrr.
1036 3766 1040 3773 ’
1122 3802 1171 3855 ,3

163 3857 239 3938 Peg.
255 3863 325 3923 120.
346 3859 367 3921 l.
386 3863 416 3921 4·
443 3847 682 3938 Ἀναποδεὶκτῳ)
704 3849 787 3916 Ἰοῖ
807 3854 949 3940 ejusdem
968 3856 1092 3941 ingenii
1117 3844 1175 3937 est,

81 3962 117 4000 sc
131 3938 253 4022 ἄκριτος
269 3930 338 4022 c'ap.
353 3945 404 4006 27.
427 3939 539 4015 Lanu.
583 3933 736 4020 Quinque
760 3962 874 4022 genera
888 3941 984 4024 hujus
997 3933 1177 4028 syllogismi
1210 4001 1212 4004 .

79 4024 451 4106 memoratDr'og.Lo‘r'rt.
466 4046 498 4104 p.
519 4029 589 4090 183.
607 4023 642 4084 C.
659 4026 704 4083 D.
722 4025 760 4082 E.
778 4043 869 4107 quem
894 4025 979 4089 vide.
1024 4027 1180 4089 Meminit
1251 4091 1253 4095 ,

82 4124 114 4171 et
127 4109 214 4184 libri,
230 4132 322 4192 quern
340 4107 378 4170 de
394 4110 435 4168 iis
448 4107 619 4189 scripserat
635 4106 838 4190 Chrysippus
856 4117 968 4193 p,211.
981 4113 1026 4182 D,
1049 4104 1178 4173 Sonus.

168 4192 245 4253 Εαᾶ·
261 4198 282 4252 l·
301 4201 331 4260 7.
351 4189 530 4272 Ἀποδείξω)
551 4189 710 4271 §scotusc
732 4192 912 4285 ambiguum
937 4211 1001 4277 est,
1026 4219 1097 4279 curn
1114 4217 1184 4269 uon¹
1275 4256 1281 4265 .

118 4295 232 4345 Lusias.
253 4292 315 4344 Vol.
335 4297 389 4345 111.
452 4283 455 4290 ¹
920 4277 977 4343 Ll
1111 4288 1120 4304 “
