2678 4800
175 335 287 406 nd.
428 346 1011 411 nonornrroure

176 497 385 564 Menandreia
400 498 429 561 J.
444 497 588 574 Clericus,
611 495 644 555 in
663 514 744 577 quae
754 499 864 576 paullo
877 510 953 578 post
964 495 1158 578 prodierunt
1169 518 1276 565 emen.

178 586 326 646 dationes
350 583 430 647 adeo
451 581 613 657 eruditae,
637 594 674 639 ut
691 580 836 661 quamvis
861 584 960 641 latere
974 584 1135 658 voluerit,
1167 603 1278 649 aucto.

177 693 241 730 rem
260 668 355 727 facile
373 689 482 728 omnes
499 679 684 749 agnoscant.
728 665 817 726 Inter
831 669 1008 749 longaevos
1023 666 1079 730 hic
1093 668 1248 732 Comicus
1260 694 1279 733 a

177 755 290 816 Nostro
303 767 484 814 recensetur
500 773 525 811 o.
544 754 594 818 25¹.
624 747 755 811 socru.

263 838 424 918 Pagala.
446 840 468 898 l.
485 839 516 904 5.
547 831 697 915 Πλάτων)
727 831 835 893 Habet
854 832 950 895 etiam
973 833 1019 902 cl.
1036 835 1136 900 Alex.
1162 838 1279 902 Strom.

177 924 243 985 ΠΙ,
268 937 348 982 teste
367 920 465 1003 Stepir.
488 922 522 978 in
538 920 618 999 Lyr.
643 918 702 1001 qui·
720 917 881 977 Simonidi
896 917 1013 980 tribuit
1026 941 1059 1003 p.
1075 929 1148 990 103.
1174 925 1224 983 nti
1248 939 1282 987 et

178 1005 385 1069 scholiastes.
414 1005 524 1065 Athen.
549 1004 645 1064 etiam
666 1001 852 1070 haberent.
866 1005 901 1065 Ε.
930 999 1079 1088 dyracium
1098 1033 1130 1086 μ.
1145 1001 1282 1087 ἆιᾶνδρί

177 1097 301 1194 dvprqi,
323 1083 464 1171 δεύτερον
479 1091 509 1155 δὲ
524 1085 615 1153 καλὸν
629 1084 715 1168 φυὰν
725 1091 882 1169 γενέσθαι,
911 1087 944 1152 rd
965 1094 1066 1170 τρίτον
1087 1091 1121 1155 δὲ
1139 1080 1283 1158 eriuven

180 1170 316 1248 oidoiusc·
345 1176 396 1238 καί
415 1179 449 1238 τὰ
469 1175 606 1255 τέταρτον
628 1177 765 1256 συνηβᾷν
782 1169 855 1253 μετὰ
871 1178 931 1236 cciv
954 1179 1068 1254 φίλων·
1097 1174 1157 1235 nbi
1179 1175 1218 1237 de
1242 1197 1282 1238 eo

180 1265 283 1341 plura.
329 1257 424 1339 Apud
442 1258 605 1319 stobaeum·
617 1258 754 1320 Scleriae
775 1255 944 1336 tribuitur,
967 1273 1000 1319 et
1015 1258 1283 1337 aliteracribitur.

180 1341 468 1411 Vide,Grot.Flor.
484 1352 556 1412 425.
587 1343 714 1402 some.
760 1339 891 1406 Πλάτων
912 1344 1075 1426 riuvinus)
1096 1345 1136 1403 In
1161 1345 1285 1427 Gorgia

180 1435 255 1497 283.
271 1429 310 1490 A.
327 1443 360 1489 et
375 1429 476 1511 Legg.
492 1429 545 1506 11,
561 1434 634 1496 579.
651 1425 755 1509 Solon.
778 1428 867 1487 Haec
881 1425 922 1486 ad
934 1449 1031 1512 marg.
1046 1428 1128 1492 Junr.
1146 1427 1286 1491 addide-

180 1530 248 1590 rat,
269 1528 302 1573 at
317 1535 393 1572 mox
413 1513 527 1575 iterum
543 1503 694 1572 ad'eund.
709 1531 832 1570 versum
851 1525 943 1572 notat
959 1511 1040 1574 Pice.
1060 1511 1100 1573 de
1116 1514 1222 1597 Legg.
1236 1514 1282 1590 11,

181 1605 255 1664 211.
275 1620 314 1659 ιιι.
338 1598 478 1657 diverses
504 1595 596 1657 editt.
620 1593 732 1670 credo,
757 1593 940 1676 respiciens.
984 1595 1037 1657 Ad
1057 1596 1155 1658 verba
1177 1611 1286 1659 autem

183 1681 351 1763 sequentia
367 1678 509 1760 δεύτερον
522 1685 694 1763 -τρίτον,
714 1678 830 1740 iterum
845 1677 906 1756 ait,
929 1702 961 1747 v.
974 1680 1053 1746 Ple.
1068 1685 1091 1741 l.
1106 1704 1134 1744 c.
1158 1682 1284 1744 Rauca.

269 1766 346 1827 Ead-
364 1772 434 1834 1.·8.
447 1763 520 1831 Ἵνα
534 1769 602 1842 σοι)
623 1763 873 1844 suspicabariuc
885 1760 925 1846 μή
942 1789 1008 1844 σοι,
1031 1780 1070 1827 ut
1083 1767 1128 1827 ait
1144 1767 1285 1828 formula

185 1851 399 1912 connectendi
416 1872 471 1932 per
486 1849 765 1930 praeteritionem,
790 1869 852 1930 qua
866 1849 1051 1932 frequenter
1067 1865 1205 1911 utuntur
1220 1872 1284 1911 om.

184 1957 225 1997 no
237 1956 338 2019 genna
352 1935 535 2015 scriptores.
560 1937 663 1996 Grau.
709 1932 805 1994 Haud
826 1931 923 1994 dubie
939 1934 1061 2010 excidit
1079 1933 1144 2017 μὴ,
1167 1956 1287 2018 quam-

185 2040 281 2101 quain
297 2019 328 2078 id
343 2041 411 2080 non
425 2023 527 2080 ausim
546 2016 651 2082 textui
671 2017 826 2096 incerere,
851 2038 948 2099 quum
972 2034 1056 2082 certa
1080 2024 1150 2102 ejus
1167 2021 1287 2082 lectio-

184 2103 237 2162 nis
251 2105 386 2188 vestigia
404 2102 519 2165 desint.
564 2103 638 2165 Alia
661 2102 745 2163 ratio
768 2117 816 2163 eat
831 2103 865 2162 in
881 2102 1133 2166 verbis-Timon.
1150 2127 1177 2167 c.
1193 2109 1225 2174 5.
1241 2105 1285 2168 in.

183 2190 236 2253 ἵνα
258 2187 315 2274 γὰρ
336 2187 373 2252 ad
390 2189 481 2254 κοινοί
502 2188 595 2264 ἐάσας
615 2182 694 2268 τᾶμᾶ
717 2189 807 2265 aino,
831 2200 863 2248 et
883 2187 918 2246 in
932 2187 1090 2249 similibus
1102 2190 1206 2267 locis,
1229 2189 1287 2251 ubi

184 2270 569 2361 verbumipivnotionem
587 2273 770 2356 negativam
783 2270 934 2333 includit.
958 2274 1079 2337 Lanu.
1233 2324 1248 2349 .‚
1301 2296 1303 2300 “

233 2436 237 2443 1
261 2358 348 2432 Eud.
364 2365 386 2420 1.
405 2366 454 2425 10.
478 2355 615 2444 Ὕγίεια)
637 2358 689 2416 Sic
704 2354 823 2437 incipit
841 2348 1031 2436 Ἀρίφρωνος
1044 2366 1099 2424 τοῦ
1113 2354 1287 2433 Eirenaion

184 2438 281 2519 cccciv
297 2447 340 2519 είς
353 2438 479 2528 ὑγίειαν,
490 2465 582 2527 quem
599 2456 702 2502 totum
717 2464 746 2504 v.
760 2439 1042 2523 apudAthen.XV.
1051 2443 1085 2504 in
1094 2443 1149 2506 fin.
1162 2446 1289 2521 Verisa.

186 2528 371 2613 Quietiora
395 2530 480 2589 vidit
493 2522 742 2604 emendandum,
772 2540 803 2588 et
815 2529 931 2605 ναίοιμι
946 2549 1017 2588 euru
1031 2528 1190 2593 Athenaeo
1205 2531 1290 2593 rcri-

184 2611 350 2693 bendum,
367 2610 454 2694 quod
470 2628 502 2674 et
515 2614 549 2677 P.
568 2626 600 2672 et
614 2610 870 2692 Lqpraeferunt.
895 2612 1013 2681 Vocem
1024 2607 1123 2695 ὑγίεια
1137 2636 1180 2675 ex
1192 2614 1290 2677 Atiae·

67 2705 72 2721 ¹
185 2721 260 2759 naec
274 2697 369 2765 etiam
382 2716 429 2758 src
441 2696 635 2779 scripsimus,
654 2716 732 2781 quae
747 2710 840 2757 antea
853 2690 939 2781 ὑγεία
954 2696 1166 2773 scribebatur.
1189 2700 1290 2761 Hunc

185 2780 343 2861 hymnum
358 2781 443 2843 inter
461 2780 668 2842 Miscellonea
683 2780 874 2843 Graecorum
889 2781 1015 2865 aliquot
1040 2782 1181 2845 carmina
1195 2784 1291 2847 Lou-
1324 2846 1328 2851 ,

186 2864 258 2927 dini
272 2887 376 2950 nuper
390 2864 511 2927 editum
534 2886 600 2927 esre
620 2863 719 2926 audio
737 2870 784 2941 (a.
805 2867 919 2947 1722.)
946 2887 1018 2927 oum
1039 2866 1137 2928 notia.
1151 2868 1289 2939 'Sonare

185 2948 302 3037 ’Υγίειει
323 2951 376 3012 hic
395 2973 454 3034 pro
473 2955 606 3034 vulgato
631 2944 717 3032 aipein
738 2947 832 3029 dedi,
857 2964 1007 3012 monente
1026 2949 1288 3031 Solanonoatro,

186 3059 259 3096 oum
276 3041 386 3116 paullo
403 3057 498 3120 supra
511 3052 616 3095 tamen
632 3049 723 3107 recte
731 3028 818 3119 dyeia
832 3043 964 3119 propter
977 3056 1104 3107 versum
1118 3037 1288 3114 scribatur,

187 3124 289 3183 veluti
306 3134 338 3180 et
352 3121 387 3180 in
402 3120 511 3204 fragm.
531 3114 695 3182 ltlencnclr.
712 3124 768 3198 42,
789 3129 817 3189 1.
850 3117 916 3187 Οὐκ
939 3112 1008 3186 ἐσθ’
1022 3116 1137 3206 ,ὖγγίας
1154 3130 1290 3203 „pam

188 3198 278 3272 οὐδὲν
295 3207 328 3271 ἕν
345 3210 415 3289 βίῳ.
457 3204 585 3265 Ibidem
606 3224 682 3263 vero
705 3224 813 3266 rursus
835 3204 961 3283 statim,
986 3199 1109 3291 ’Τγίεια
1126 3208 1181 3273 arui
1198 3213 1290 3284 corio,

186 3291 282 3355 ionici
293 3296 336 3377 τῷ
350 3295 406 3378 βίῳ
420 3287 485 3355 δύο.
529 3289 568 3347 Ιιι
590 3287 661 3348 aliis
677 3302 781 3351 autem
798 3289 931 3353 Lucicni
947 3288 1032 3349 locis
1047 3310 1115 3351 non
1130 3290 1194 3355 crit
1217 3312 1290 3373 ope·

186 3392 241 3436 rae
253 3375 432 3459 inquirere,
457 3375 542 3435 sitne
553 3366 641 3456 dyeia
652 3393 692 3447 Ιιιιι
708 3368 806 3458 ὑγίεια
817 3372 1040 3448 scribendum,
1063 3370 1120 3437 aed
1131 3366 1205 3435 cum
1220 3374 1290 3439 edd.

189 3465 359 3543 pleraeque
376 3481 499 3541 semper
513 3453 599 3543 ὑγεία
616 3457 774 3539 scribant,
796 3457 831 3520 id
848 3457 1078 3533 retinebimus,
1100 3458 1169 3520 niti
1182 3480 1291 3524 verant

191 3543 306 3606 obstet.
351 3543 473 3604 Confer
489 3540 529 3603 ad
547 3563 572 3607 c.
585 3549 615 3609 6.
631 3538 670 3602 do
682 3542 825 3606 Merced.
840 3540 935 3605 cond.
958 3542 1098 3605 Reice.
1197 3562 1208 3571 ·

273 3628 347 3710 Peg.
364 3632 473 3698 3111.
491 3637 521 3696 3.
538 3615 639 3690 efflov
654 3622 737 3706 iiior)
764 3627 887 3691 Clauum
900 3626 995 3690 clauo.
1024 3624 1064 3687 Iti
1081 3638 1150 3706 est,
1174 3632 1301 3705 malunt„
1330 3672 1332 3676 »

94 3755 96 3758 >
190 3714 254 3773 aiio
269 3719 362 3773 malo.
385 3715 514 3776 Aristot.
530 3713 571 3775 L.
580 3711 620 3773 V.
632 3711 729 3773 Polit.
746 3735 773 3776 c.
789 3717 911 3796 penult.
926 3711 991 3777 Ge.
1002 3710 1166 3777 1V.Tuac.
1182 3713 1288 3775 Goon.

190 3797 289 3858 Geni.
310 3795 385 3860 dial.
402 3797 548 3878 proxime
563 3795 764 3876 praecedent.
781 3819 808 3858 c.
823 3803 853 3864 9.
868 3797 926 3856 ubi
939 3793 1025 3857 idem
1038 3797 1190 3879 proverb.
1205 3799 1291 3861 narit-

190 3895 247 3964 pat
264 3881 390 3955 Noster,
413 3897 445 3942 et
461 3902 543 3963 quae
558 3879 607 3938 ibi
620 3879 816 3943 notavimus.
839 3883 963 3944 Ratun.

275 3966 354 4026 End.
370 3972 392 4024 l.
411 3969 441 4034 5.
471 3971 517 4049 Τῷ
531 3958 682 4047 παρόντι)
704 3964 954 4067 Intelligeidpp.
975 3966 1084 4031 Bnon.

277 4048 357 4111 Euri.
372 4054 393 4109 l.
409 4057 437 4117 6.
465 4046 518 4112 Ἐν
538 4045 656 4135 Ἰσσῷ)
684 4050 877 4115 Plutarchus
902 4071 939 4113 ru
960 4046 1157 4117 Αίειιιιιᾶῐο.
1182 4050 1292 4117 iinon.

194 4129 537 4222 GodFloniv'lccqi.
559 4136 694 4201 Bonan.
988 4174 993 4183 ·
1027 4166 1036 4179 -
1077 4178 1081 4185 -
1120 4164 1124 4173 ·
