2678 4800
196 352 274 428 iw
492 340 1129 435 sororsrroras‘

196 524 282 585 forte
302 517 466 602 scripsisse
497 517 661 580 ludentem
684 515 717 584 τδ
740 518 795 598 μὲν
816 526 947 604 χαίρειν,
978 528 1096 607 χαίρειν
1117 521 1233 598 κελεύει
1252 538 1305 602 καί

196 604 421 687 άποδοκιμάζει,
446 604 497 663 Ut
511 618 543 664 et
555 605 692 686 margini
710 604 881 687 adscripsit
891 622 990 688 pater.
1035 612 1079 670 Et
1094 633 1171 676 sane
1186 620 1303 697 plenus

196 693 253 753 hic
266 692 393 751 libellus
409 693 535 748 lusuum
552 710 592 749 ex
607 702 755 768 respectu
769 689 865 772 hujus
882 689 982 754 verbi.
1027 693 1090 756 Sed
1105 699 1180 779 quis
1195 718 1300 785 neget,

196 798 264 838 non
277 775 473 856 interposito
490 771 554 832 isto
573 772 671 834 verbo
686 794 753 832 non
770 775 865 835 etiam
880 774 1045 839 ludentem
1059 781 1229 862 scripsisse
1240 785 1301 847 Lu·

147 914 148 921 ,
195 867 332 935 cionem,
354 872 386 920 et
402 856 439 917 de
454 856 613 917 industria
625 856 657 914 in
674 860 868 939 *quaestione
882 859 921 920 de
938 862 1034 923 verbo
1050 868 1166 949 χαίρειν
1180 867 1302 933 dixisse

193 948 228 1014 τδ
247 948 299 1028 μὲν
312 950 425 1027 χαίρειν
442 937 570 1021 κελεύεις
593 941 689 1002 Certe
706 954 777 1029 cum
794 944 900 1003 omnia
919 944 1145 1026 praecedentia
1159 950 1301 1017 habeant

194 1032 259 1094 sibi
273 1032 431 1088 inclusum
451 1026 484 1086 id
500 1026 642 1100 verbum,
667 1028 838 1086 autetiam
854 1048 1051 1109 expressum,
1075 1037 1168 1095 nulio
1186 1058 1301 1120 genere

184 1108 369 1177 'formosior
385 1111 514 1171 exsistit
540 1111 662 1187 oratio,
686 1110 713 1170 si
727 1132 815 1171 nunc
831 1131 943 1172 contra
960 1112 1054 1177 fidem
1069 1118 1229 1181 librorum
1249 1144 1299 1185 ve·

193 1214 295 1263 'cerum
319 1204 488 1276 repetatur.
532 1196 602 1259 Jam
623 1216 729 1277 neque
748 1196 881 1258 Lucioni
903 1199 1015 1262 oratio'
1030 1200 1162 1264 ridetur
1186 1210 1298 1291 χαίρειν

192 1282 306 1350 κελεύει
326 1283 378 1345 καλ
399 1275 632 1362 ἀποδοκιμάζει,
655 1280 709 1340 sed
725 1280 837 1347 κελεύει
854 1286 968 1367 χαίρειν
980 1287 1034 1349 ’καλ
1046 1283 1299 1371 άποδοκιμάζειν,

192 1369 292 1437 verbo
307 1363 419 1433 κελεύει
435 1364 474 1426 ad
494 1378 665 1447 utrumque
685 1365 888 1426 infinitivum
907 1372 1027 1446 relato,
1050 1387 1088 1432 ut
1102 1372 1137 1432 in
1154 1376 1300 1439 Heraio-
1322 1414 1325 1418 ’

192 1455 290 1531 timo,
312 1444 350 1527 Ιδς
373 1445 402 1515 δ’
423 1447 462 1514 div
486 1450 526 1529 μὴ
549 1452 598 1531 ίχη
615 1457 724 1527 ταῦτα,
750 1450 825 1532 μηδὲ
839 1453 1032 1535 Ιοκνθριοιιδς
1046 1444 1085 1539 ἦ,
1109 1452 1297 1542 άκοδοκιμα-

190 1541 275 1614 orior
290 1540 343 1602 καλ
356 1528 547 1619 άποβλητέος.
568 1545 570 1549 ’
602 1556 730 1598 aouov.
772 1531 850 1600 Ἀλλ’
868 1531 1218 1621 δθανμοοτδςΠλάτων
1236 1548 1297 1625 (sit

163 1630 165 1635 '
191 1622 325 1708 noster)¹
336 1614 414 1703 άνὴρ
428 1617 599 1696 άξιάπιοτος
615 1621 785 1700 νομοθέτης
802 1627 863 1685 τῶν
878 1622 1043 1705 τοιούτων,
1064 1625 1100 1693 td
1114 1629 1167 1710 μὲν
1181 1636 1296 1716 χαίρειν

128 1724 131 1732 “
189 1703 309 1776 κελεύει
323 1709 375 1772 καί
388 1703 471 1769 πάνυ
488 1699 720 1784 άποδοκιμάζειν
733 1699 773 1780 ὥς
786 1704 945 1788 μοχθηράν
958 1705 1006 1786 δν,
1028 1712 1081 1776 καλ
1093 1710 1186 1779 ocidit·
1200 1736 1295 1783 οποο·

191 1799 279 1862 δαίον
294 1796 454 1875 ἐμφαῖνον.
484 1787 517 1855 ιδ
533 1784 561 1854 δ’
581 1779 616 1854 ssi
630 1789 769 1873 πράττειν
786 1784 850 1854 άνε’
864 1791 964 1859 αὐτοῦ
977 1793 1106 1880 είςάχει,
1129 1799 1174 1875 νίς
1187 1800 1296 1868 κοινάν

190 1877 329 1962 σώματός
342 1903 373 1942 τε
390 1878 440 1940 καὶ
453 1881 557 1958 ψυχῆς
571 1865 605 1938 sci
616 1877 811 1956 διακειμένων
826 1873 988 1961 σύμβολον.
1010 1877 1194 1945 Vescuntur
1207 1888 1295 1968 prio.

189 1989 244 2044 re,
268 1963 328 2026 Sed
342 1959 488 2022 mirabilis
501 1957 553 2022 ille
566 1957 669 2037 Plato,
692 1963 738 2020 vir
743 1960 812 2043 fide
828 1960 952 2045 dignus,
974 1981 1002 2025 et
1014 1964 1111 2048 legum
1124 1967 1296 2051 hujusmodi

189 2051 285 2126 lotor,
309 2050 365 2109 ίιοε
376 2047 494 2107 verbum
508 2066 632 2107 servare
649 2046 731 2128 jubet
741 2045 830 2126 plone
844 2048 1010 2130 improbare
1023 2066 1169 2135 tanquam
1181 2054 1294 2119 molum

190 2152 257 2199 etc.¹
287 2133 316 2196 N
322 2155 364 2195 on
379 2128 555 2213 persuadeo
570 2128 662 2207 mihi,
685 2130 853 2193 Lucionum
871 2133 917 2194 ita
932 2133 1109 2217 scripsisse,
1124 2136 1193 2215 scd,
1213 2134 1292 2205 'Au’

190 2217 209 2281 ri
232 2221 285 2302 μὲν
309 2215 488 2298 θαυμαστάς
512 2212 643 2280 Πλάτων
663 2236 707 2263 -⁴
726 2213 760 2280 cd
779 2216 833 2297 μὲν
853 2220 968 2301 χαίρειν
990 2214 1121 2285 κελεύειν
1142 2227 1196 2289 καὶ
1210 2224 1289 2293 πάνυ

188 2298 410 2386 άποδικιμάζει
434 2296 475 2375 cic
495 2299 653 2384 μοχθηρὸν
680 2295 717 2365 δν
736 2313 798 2365 etc.
842 2302 902 2365 Sed
923 2302 1113 2367 admirabilis
1135 2307 1229 2387 Plato
1247 2344 1287 2361 .-

187 2390 268 2455 illud
288 2393 410 2451 salvere
424 2386 533 2469 jubere
545 2386 635 2469 plstne
649 2386 775 2468 adrogat
792 2400 934 2471 tanquam
948 2387 1113 2453 molestum.
1159 2392 1289 2481 Integre

187 2489 237 2541 est
251 2474 372 2544 dictio,
394 2468 525 2537 κελεύειν
535 2475 664 2554 χαίρειν,
686 2484 724 2530 ut
737 2471 823 2553 apud
840 2472 976 2535 Latinos
990 2472 1102 2537 saluere
1112 2476 1223 2559 jubere.
1245 2480 1285 2539 Iu

187 2558 299 2621 codem
317 2558 380 2618 hoc
392 2556 503 2619 libello
518 2558 565 2616 sic
578 2557 694 2618 iterum
707 2555 985 2638 loquiturNoster3
1007 2573 1044 2618 ut
1058 2574 1146 2639 ante,
1167 2582 1198 2645 p.
1210 2568 1286 2633 517.

184 2645 223 2707 Β.
240 2646 308 2710 δίον
323 2640 379 2723 τὴν
397 2636 517 2722 συνήθη
534 2637 646 2723 ταύτην
662 2639 772 2721 φωνην
790 2637 931 2721 άφεῖναι,
952 2644 1004 2708 καλ
1016 2647 1132 2727 χαίρειν
1146 2644 1287 2727 κελεύειν,

162 2730 237 2791 ’τιδι’
263 2744 418 2812 oporteret,
441 2743 607 2788 consuetam
627 2724 713 2786 iilam
732 2749 831 2789 vocem
849 2731 975 2806 mittere,
997 2744 1026 2788 et
1049 2729 1287 2815 εαίνειτχίεάεεε.

184 2814 240 2877 Sic
254 2817 362 2895 paullo
378 2828 453 2894 post
465 2833 494 2891 p·
505 2809 732 2884 ὄλλἎιιαντες
748 2815 869 2895 μοῦνοί
881 2805 935 2876 ἄπ’
949 2805 1046 2879 sicori
1057 2814 1285 2901 (Πυθαγόρου)

183 2892 324 2984 άλλήλοις
342 2899 576 2975 ἐπιστέλλοντες,
600 2892 688 2961 δπύτε
710 2892 877 2962 σπονδαῖάν
896 2922 924 2961 τι
945 2893 1111 2979 γράφοιεν,
1134 2894 1285 2987 άχιαίνειν

184 2978 282 3058 εύθύς
305 2985 336 3047 ἒν
362 2976 438 3070 άρχῇ
457 2977 702 3064 παρεκελεύοντο.
745 2980 923 3067 Pythagorei
936 2986 1035 3066 itaque
1047 3008 1148 3047 omnes
1160 2990 1284 3051 invicem

180 3069 284 3131 literas
305 3066 424 3144 dantes,
448 3067 499 3128 τιδι’
520 3069 588 3127 serii
609 3064 682 3150 qaid
702 3066 873 3142 scriberent,
897 3064 1008 3126 solvere
1026 3072 1129 3129 statim
1151 3074 1184 3132 irs
1199 3074 1283 3135 initio

175 3148 329 3236 jubebant.
374 3152 451 3212 Non
477 3168 579 3211 tamen
604 3148 870 3210 contemnendum
896 3150 1085 3233 opinor'id,
1116 3154 1208 3235 quod
1229 3154 1283 3219 hic

180 3239 244 3298 viri
265 3236 475 3299 eruditissimi
497 3239 683 3295 attulerunt.
729 3232 827 3317 Quod
848 3233 1011 3296 Mamilius
1031 3236 1164 3316 scribit,
1199 3240 1282 3305 forts

176 3320 341 3383 ludentem
357 3321 477 3381 dixisse
490 3318 659 3379 Lucianum
667 3364 678 3395 ,
700 3316 733 3382 εδ
749 3318 804 3400 μὲν
816 3322 931 3402 χαίρειν
945 3323 1058 3401 χαίρειν
1071 3322 1199 3403 κελεύει,
1222 3346 1280 3407 po·

178 3408 243 3467 tuit
263 3406 405 3467 hausisse
427 3427 465 3466 ex
486 3402 642 3479 Brodeeo,
668 3405 724 3485 qui
747 3404 806 3463 IX.
821 3404 961 3464 Misceli
979 3424 1006 3468 c.
1022 3405 1171 3472 15.i11ud
1197 3410 1279 3473 idem

175 3489 283 3552 habet.
307 3491 401 3554 λινε.
445 3491 499 3548 De
517 3486 666 3547 hocloco
683 3486 763 3569 quid
787 3502 943 3563 statuam,
966 3508 1034 3549 non
1052 3487 1169 3555 habco.
1215 3493 1278 3555 Atii

175 3574 327 3640 viderint,
370 3572 460 3634 Mihi
482 3575 534 3635 καὶ
546 3567 627 3635 πάνυ
645 3586 794 3653 suspecta
809 3587 841 3632 et
857 3571 962 3653 spuria
979 3570 1142 3638 videntur.
1189 3576 1276 3663 Quas

176 3675 280 3717 autern
302 3659 423 3720 Platoni
439 3657 508 3733 hic,
532 3670 568 3716 ut
584 3655 686 3736 primo
709 3656 832 3716 auctori
850 3656 1052 3736 tribuuntur,
1076 3678 1113 3718 ee
1136 3661 1273 3745 Epicuro

174 3744 295 3825 cDiog.
311 3744 433 3803 Lairtio
451 3739 588 3800 adscribi
604 3739 752 3817 observat
771 3739 806 3800 V
803 3743 919 3801 cretius.
946 3740 1054 3820 Certe,
1066 3742 1095 3802 si
1108 3766 1178 3809 non
1195 3768 1272 3811 msa·

174 3825 245 3887 d'osi
264 3843 338 3886 suut
357 3825 500 3901 codices,
525 3846 583 3905 pro
604 3829 716 3908 χαίρειν
731 3847 800 3884 cum
818 3824 929 3885 Nostro
949 3817 1127 3910 εὖπράττειν
1144 3848 1275 3915 usurpa·

172 3925 241 3969 tum
264 3933 331 3972 esse
352 3911 456 3971 docet.
500 3909 588 3968 Idem
613 3924 717 3971 tamen
742 3909 838 3988 alibi,
860 3931 891 3991 p.
908 3916 958 3977 84:
972 3912 1020 3974 Ἀ.
1046 3905 1274 4001 adscripsisti

171 3995 316 4077 Epicuro
339 3993 485 4075 epistolis
510 3993 683 4074 praescribi
711 3995 842 4054 solitum
861 4014 931 4054 esee
952 3993 1062 4079 dicits
1086 3998 1143 4059 sed
1165 4001 1200 4061 in
1222 4000 1271 4077 iis,
1326 4030 1331 4077 ι

169 4101 248 4162 quas
268 4079 337 4161 ipse
353 4077 498 4156 exhibet,
523 4077 659 4159 Epicuri
677 4079 842 4163 epistolis,
864 4082 992 4161 χαίρειν,
1015 4076 1134 4148 non'csi
1148 4081 1272 4171 διάγειν,
1326 4104 1329 4109 ·

166 4157 202 4229 eri
219 4164 402 4251 πράτιειννε
424 4162 646 4247 praeponitur.
670 4164 797 4229 Socer.
831 4165 952 4227 'Multa
974 4184 1100 4249 possem
1123 4168 1173 4232 ιε’
1191 4170 1272 4233 anti·
