2678 4800
143 306 219 380 wo
314 342 318 349 ·
401 298 976 370 anuorsrrosss
1059 326 1141 409 η’

142 466 290 551 scupilio
304 487 344 529 cx
361 463 507 547 Hesyclio
523 460 561 523 de
575 481 672 544 parva
688 457 765 543 κόρη
776 483 808 544 p.
823 467 874 531 90.
889 461 998 550 magni
1011 465 1138 551 operia,
1161 490 1240 559 qm

143 573 277 639 utraque
291 552 355 610 huc
371 548 453 610 bene
470 546 678 608 conveniunt.
703 546 813 612 Gnou.

228 634 307 700 Ibirl.
332 637 392 700 Καὶ
404 630 440 696 rai
453 627 620 713 soopcilror)
642 629 681 690 Et
696 648 811 716 torques
825 659 841 694 s
856 634 986 712 curalio,
1010 636 1112 723 quod,
1133 639 1240 727 inquit

142 727 275 801 Plinius,
301 721 467 801 religiosum
478 719 612 800 inprimis
622 732 771 797 gestamen
792 743 851 780 esse
871 724 1241 792 existimant-amoliendis

139 808 289 894 periculis.
313 807 421 866 Bnon.
467 804 515 860 An
532 822 596 859 vox
613 797 742 860 barbare
760 822 798 863 ex
814 803 969 867 collarium
982 807 1094 869 facts?
1119 813 1170 870 An
1190 832 1241 873 oo.

141 894 268 956 rallium
284 889 376 970 lapis,
398 909 423 947 s.
441 900 568 969 torques
587 905 626 942 ex
642 885 803 946 corallio?
834 910 864 950 v.
882 887 983 953 Co'dd.
1001 903 1080 952 vett.
1106 894 1239 964 Guur.

141 982 250 1040 Locus
267 969 495 1055 propemodum
517 972 750 1044 conclamatus,
773 969 812 1030 ati
834 992 926 1055 quern
952 970 1250 1063 perterritorum·

142 1062 226 1124 nihil
250 1058 362 1119 habeo.
407 1056 516 1115 Placet
544 1067 648 1112 tamen
673 1075 748 1133 prae
768 1057 918 1138 reliquis,
949 1078 1032 1140 quaa
1057 1064 1239 1144 nuperrimo

141 1144 281 1229 prodiit,
312 1144 427 1203 illustr.
449 1139 620 1221 Spoulremii
642 1137 821 1201 emendatio
840 1147 890 1224 (p.
909 1146 1160 1229 242')legerlti⁸
1183 1175 1240 1215 χρ.

141 1229 267 1310 loripes,
293 1231 341 1287 vel
358 1224 484 1304 κλᾶρας,
508 1243 586 1306 quae
601 1221 661 1281 alia
679 1223 841 1285 simiarum
856 1227 954 1286 cauda
977 1232 1157 1292 carentium
1171 1255 1238 1317 spo·

142 1316 205 1376 cies
221 1336 237 1373 a
254 1312 402 1375 Salmarr'o
415 1321 621 1382 memoretur,
645 1307 729 1366 Plin.
745 1309 856 1376 Exere.
869 1333 900 1388 p.
916 1316 989 1380 267.
1004 1311 1119 1396 Sparsi.
1133 1334 1238 1380 autem

141 1422 171 1482 p,
186 1406 258 1466 242.
268 1416 376 1457 rnovac
393 1393 440 1458 ed.
459 1393 497 1453 de
511 1392 580 1451 Usu
594 1405 625 1450 et
640 1406 751 1473 praest.
769 1390 854 1454 irum.
887 1396 948 1456 Pro
963 1396 1069 1477 priore
1085 1400 1238 1480 Polmm'r‘,

143 1506 225 1564 qua,
249 1497 285 1541 ut
309 1502 348 1538 err
370 1479 522 1540 Bociurto
543 1489 648 1554 patet,
672 1473 801 1558 κυνάρια
824 1481 1016 1562 reponebat,
1039 1482 1123 1544 facit
1148 1491 1236 1549 locus

141 1569 221 1632 Plrrt.
239 1565 337 1627 initio
353 1565 437 1624 vitoe
453 1563 603 1632 Periclis,
628 1583 657 1640 p.
674 1562 747 1628 277.
772 1561 979 1641 Ξένουςτινᾶς
990 1561 1134 1655 -iv‘Poipp
1145 1578 1236 1637 selon.

143 1658 229 1728 οἴους
245 1657 348 1715 κυνῶν
364 1650 451 1711 τέκνα
464 1648 513 1710 καὶ
525 1644 670 1726 πιθήκων
685 1648 717 1710 ἕν
730 1655 793 1723 τοῖς
812 1645 936 1725 κόλποις
949 1657 1174 1735 περιφέροντας
1188 1659 1236 1721 srrrl

141 1736 320 1822 ἀγαπῶντας
331 1731 405 1798 ldoiv
420 1729 437 1797 ri
451 1741 584 1808 Καῖσαρ,
610 1727 649 1805 ὥς
668 1733 782 1809 ἔοικεν,
807 1730 976 1816 ἠρώτησεν,
1002 1740 1150 1804 cinaediae
1162 1736 1236 1825 παρ’

142 1817 301 1895 utriculensi
322 1823 472 1882 τίκτουσιν
496 1821 529 1881 αἱ
546 1825 701 1899 γυναῖκες;
725 1817 978 1901 Κόλουριςοριιᾶ
1004 1821 1141 1884 eundem
1159 1826 1235 1888 Pla.

139 1905 272 1968 torcium
286 1904 403 1984 legitur
422 1903 454 1961 iu
477 1904 654 1982 fragmento
677 1901 918 1987 Timocreontis*
935 1906 1067 1987 Lyrici,
1092 1909 1180 1990 quod
1202 1911 1232 1971 in

138 1992 355 2052 Themistocle
377 1986 467 2046 affert
488 1996 559 2054 223.
576 1988 613 2047 Β.
645 1983 682 2047 de
706 1991 801 2068 vulpe
827 1987 963 2066 dictum,
992 1990 1045 2050 cui
1070 1986 1230 2074 amputati

138 2074 236 2136 cauda
253 2088 310 2134 est.
356 2071 455 2148 Vide,
480 2093 518 2131 an
533 2071 586 2129 hic
600 2068 738 2150 xoiloupa
750 2071 916 2152 legendum
932 2075 991 2149 sit,
1017 2077 1104 2157 quod
1120 2079 1228 2147 eodem

137 2182 230 2220 sensu
251 2157 289 2217 de
307 2159 421 2238 quavis
436 2157 536 2218 bestia
554 2155 682 2218 dicitur.
706 2159 832 2218 ὅσιον.
878 2157 958 2217 Cum
976 2160 1101 2241 aliquid
1127 2177 1229 2224 tamen

54 2274 57 2278 ·
138 2243 275 2304 dandum
293 2256 374 2302 esset
390 2242 423 2299 in
441 2243 605 2316 versione,
630 2241 715 2322 quod
740 2241 946 2322 responderet
965 2253 1027 2319 τοῖς
1040 2253 1227 2330 sicopolim,

136 2329 170 2389 in
188 2343 275 2387 tanta
294 2326 520 2387 sententiarum
538 2324 723 2387 diversitate
743 2326 864 2406 placuit
882 2341 913 2387 et
930 2329 1023 2388 nobis
1037 2332 1164 2415 aliquid
1179 2355 1228 2394 aa.

136 2413 228 2490 dere,
251 2427 282 2472 et
296 2432 415 2492 ponere
431 2411 578 2486 interim,
604 2409 695 2490 quasi
713 2414 870 2492 legeretur
888 2413 1086 2494 ousoopoilsc,
1110 2416 1227 2500 quoda

136 2497 279 2557 dictante
293 2516 356 2555 non
376 2495 453 2554 satis
473 2516 577 2574 presse
598 2495 838 2573 pronuntiatum
860 2496 893 2553 in
920 2496 1069 2582 nooprilm
1093 2518 1228 2564 murm,

133 2581 282 2642 librarius
298 2594 415 2661 potest.
462 2580 568 2640 Sciuri
585 2592 668 2638 certe
691 2577 790 2640 hodie
805 2580 837 2637 iu
860 2578 985 2642 deliciis
1011 2584 1226 2649 Quorundam:

134 2680 165 2727 et
184 2665 285 2724 fuisse
300 2665 375 2724 olim
399 2668 448 2723 vel
464 2663 599 2724 maxime
623 2663 788 2740 amabiles,
814 2679 943 2746 apparet
957 2689 997 2728 ex
1009 2669 1170 2732 Martialis
1184 2672 1227 2747 V,

132 2757 184 2819 38.
209 2749 310 2811 Girsu.
359 2748 442 2832 Quia
460 2749 666 2808 variationem
683 2769 787 2828 neque
804 2747 837 2807 iu
858 2749 961 2812 codd.
980 2774 1084 2836 neque
1097 2755 1132 2813 in
1147 2752 1227 2816 Edi.

86 2874 96 2895 -r
133 2835 276 2915 reperio,
313 2834 472 2901 vulneram
496 2833 645 2891 intactam
668 2832 827 2913 relinquo.
873 2833 976 2895 Unam
999 2837 1227 2902 uniusliterss

132 2919 341 2980 variationem
359 2919 435 2981 Jerrc.
452 2918 482 2976 iu
503 2919 625 2980 ferculo
650 2917 732 2981 liter.
750 2938 789 2976 ex
805 2917 884 2978 Cod.
898 2920 980 2979 Wit.
1000 2923 1149 3001 notavit,
1175 2922 1228 3007 qni

131 3003 263 3066 exhibet
276 3000 453 3084 κουράλλια,
478 3001 564 3083 quod
585 3002 728 3079 proxime
742 3001 780 3060 ad
802 2998 1022 3088 Heryclrr'amrm
1042 3004 1225 3088 κωρᾶλλιον,

129 3087 309 3167 παιδάριον,
334 3087 475 3164 accedit3
499 3101 619 3146 etcum
642 3087 696 3145 alii
721 3089 781 3166 jam
804 3088 896 3147 nimii
916 3088 1039 3149 fuerint
1060 3091 1096 3151 in
1120 3086 1226 3156 veibis

129 3172 181 3233 his
201 3173 457 3256 investigandis,
481 3188 512 3232 et
541 3169 754 3250 corrigendis,
778 3171 907 3232 verbum
926 3193 991 3234 nort
1014 3176 1154 3256 amplios
1175 3176 1228 3239 atl-

129 3259 209 3323 dam.
232 3260 356 3321 ileruz.
403 3255 747 3332 Gesnericonjecturam
769 3256 964 3336 orrovpailro,
987 3279 1083 3339 quam
1107 3278 1141 3325 ct
1157 3283 1228 3325 ver-

25 3342 30 3363 ’“
126 3343 176 3404 sio
197 3343 316 3402 Latina
334 3358 441 3403 secuta
457 3357 521 3416 est,
550 3338 869 3425 Wielondiirsquoque
886 3342 1056 3405 etBelirurs
1078 3345 1227 3427 probabi·

125 3427 278 3487 lissimam
297 3427 438 3489 omnium
457 3426 646 3486 habuerunt.
691 3425 765 3484 Hoc
782 3441 865 3487 certe
881 3447 951 3487 cum
974 3449 1014 3489 ex
1037 3431 1113 3491 loco
1140 3432 1228 3513 ipsa,

126 3525 237 3573 tome
257 3515 398 3573 virorum
428 3510 594 3592 doctorum
626 3507 918 3588 disputationibus,
948 3526 1059 3593 patera
1081 3514 1226 3593 videtur,

128 3599 391 3657 animalculorum
409 3594 567 3675 quoddam
586 3613 686 3674 genus
710 3593 769 3652 sub
783 3616 863 3656 voce
885 3596 938 3657 illa
954 3612 1102 3679 suspecta
1117 3602 1224 3678 latere,

127 3679 213 3763 quod
230 3682 363 3742 Luciani
378 3696 519 3762 tempore
542 3677 705 3759 imprimis.
720 3675 900 3741 delicatulis
920 3681 1143 3745 Romanorum
1165 3705 1226 3745 ms·

127 3764 229 3825 tronis
243 3765 277 3824 in
304 3765 429 3827 deliciis
448 3763 554 3826 fuerit.
599 3761 751 3840 Pbrasin,
776 3784 857 3842 quae
872 3766 1062 3848 praecessit,
1086 3769 1225 3836 ἢκεοθιιι

125 3851 177 3914 καὶ
198 3852 358 3931 φέρεσθαι,
381 3853 499 3911 nollem
520 3869 535 3907 a
556 3845 743 3910 Solimiedrro
768 3863 937 3920 mutatam,
959 3846 1156 3935 ¹quanquam
1176 3849 1226 3919 si·

126 3945 233 4015 ρεοθκι
247 3958 305 4019 pro
324 3937 471 4016 φέρεσθαι
495 3931 616 3993 editum
639 3932 858 4013 compluribus
879 3932 985 3998 Codri.
1008 3936 1225 4004 confirmator.

117 4016 284 4085 Ἕλκισθαι
301 4020 385 4081 enim
399 4019 614 4097 καὶφέρισθαι
636 4016 775 4079 formula
800 4038 869 4082 esse
889 4018 1157 4084 videtur-similis
1177 4020 1226 4084 illi

125 4104 291 4166 usitatiori
307 4100 393 4191 ὅροιν
414 4105 464 4169 καὶ
479 4104 593 4189 φέρειν.
635 4100 752 4186 Neque
775 4122 836 4189 ego
860 4105 897 4167 in'
916 4104 1065 4169 lectione·
1080 4102 1228 4195 εὕρωσι
