2678 4800
223 380 303 455 410
496 390 1148 463 annorsnsonssx

224 538 406 626 supplenda
421 553 470 603 est
487 535 591 600 editio
610 537 805 602 novissima:
827 534 904 621 ‘'Op·
925 539 960 605 iv
978 546 1069 623 Busp.
1086 543 1329 627 (r.183.)6tl

223 628 348 712 ἦττήτης
368 626 421 706 μοὶ
434 626 550 723 intorp-
598 620 639 688 Td
664 626 698 687 «lt
716 620 837 722 ῥάπτης
855 620 982 689 ssossuis.t
1014 623 1143 731 ζαθρός
1163 642 1201 689 et
1215 632 1329 716 σαπρὸς

226 705 1326 881 33ἕὲῗῆῗίῗέῗῖἐξέξῗξῗῖιξιῖἷΐῖἷίἐῖοῗῖἔῖῗῖῐῖζέἑ.8ἒέῑ

227 881 376 942 eubulum
392 890 548 939 occurrat.
582 876 718 940 Temere
732 898 809 938 vero
823 877 931 938 Noster
942 877 1134 941 vilissimum
1149 882 1322 965 opificium,

227 989 268 1027 an
291 979 376 1025 certa
402 960 539 1045 quadam
569 960 716 1033 ratione,
743 959 899 1043 Philippo
930 961 1098 1043 tribuerit,
1129 985 1323 1051 compertum

226 1071 294 1110 uon
310 1048 425 1109 habeo.
470 1044 655 1107 Scholiastoe
668 1049 852 1129 conjectura
866 1067 931 1106 non
943 1049 1055 1126 inepta
1070 1065 1135 1129 est,
1157 1072 1266 1137 neque
1276 1053 1321 1115 ab.

225 1133 372 1195 horrens.
418 1129 516 1213 Quod
533 1130 678 1212 sequitur
693 1132 726 1195 ἐν
738 1139 803 1204 ταῖς
818 1128 951 1214 τριόδοις
963 1129 1117 1195 adhibuit
1131 1134 1278 1203 Prima,
1288 1136 1319 1199 ad

139 1270 142 1275 .
224 1220 325 1301 Apul.
338 1216 449 1277 Miles.
461 1215 490 1278 Ι.
504 1237 536 1297 p.
552 1221 581 1280 4.
594 1214 832 1296 stipesintririis
848 1237 977 1297 erogare.
1021 1216 1164 1284 Hnnsr.

312 1317 393 1381 Ibid.
421 1315 465 1383 Tui
481 1314 584 1402 σαθραὶ
598 1324 658 1381 τῶν
668 1311 780 1391 duod.)
801 1318 858 1380 Sio
877 1316 914 1377 in
929 1317 1055 1402 Catapl.
1068 1342 1096 1382 o-
1110 1328 1164 1389 20.
1193 1324 1316 1389 Bonan.

311 1439 390 1520 Peg.
404 1445 455 1507 28.
470 1440 492 1496 l.
505 1441 535 1506 5.
560 1431 774 1517 Παλαμήδης)
795 1434 1019 1520 congerrones
1033 1439 1209 1504 Nestorem
1226 1458 1259 1507 et
1268 1444 1317 1505 Pa·

219 1521 380 1586 llsmedem
402 1522 527 1583 Socrati
551 1519 641 1582 dedit
655 1522 810 1582 Lucienus
830 1519 915 1603 apud
939 1524 1062 1584 inferos
1082 1524 1159 1589 Ver.
1179 1528 1268 1589 Hist.
1280 1528 1316 1590 ll

216 1631 255 1671 n.
273 1615 323 1675 17.
350 1605 449 1691 idque
462 1611 532 1688 jure
545 1606 680 1667 merito:
704 1606 793 1664 illum
809 1605 855 1665 ita
866 1603 1039 1690 descripsit
1052 1608 1220 1691 Homerus,
1239 1628 1276 1674 nt
1288 1613 1317 1671 iu

218 1707 315 1754 stante
326 1712 450 1753 morum
469 1688 684 1750 similitudine
696 1688 870 1749 amicitiam
883 1690 1052 1775 utriusque
1072 1695 1175 1757 facile
1188 1701 1317 1783 eouglu·

218 1780 358 1837 tinatam
375 1774 502 1837 eredas:
526 1774 623 1857 hujus
639 1795 713 1834 casu
727 1774 841 1834 acerbo
856 1795 890 1834 ss
908 1778 1004 1837 virus
1021 1777 1202 1841 etiamnum
1217 1784 1316 1845 soora.

217 1878 272 1924 stes
286 1876 336 1922 est
349 1864 554 1922 consolatus:
575 1867 799 1940 παραμυθεῖται
821 1855 852 1923 d'
865 1861 954 1942 tunt
973 1864 1026 1927 sui
1041 1863 1249 1948 Παλαμήδης,
1269 1866 1316 1926 in·

217 1947 298 2029 nquit
314 1947 350 2005 in
363 1944 555 2026 Xenophont.
572 1945 667 2024 Apol.
684 1966 714 2024 p·
728 1951 803 2011 411.
828 1938 845 2008 d
866 1950 1084 2028 παραπλησίως
1105 1951 1175 2031 ἐμαὶ
1192 1947 1317 2029 selemsi-

217 2048 296 2108 stne·
318 2044 415 2111 atque
429 2029 509 2089 adeo
526 2029 641 2088 mirum
656 2050 722 2089 non
736 2042 800 2107 eat,
823 2028 851 2087 si
865 2029 950 2090 infra
971 2032 1208 2115 sapientissimi
1224 2037 1317 2098 homi.

216 2117 275 2176 ruis
288 2114 540 2175 familiaritatem
556 2114 762 2193 expetiverit.
806 2114 861 2173 De
880 2113 997 2193 Ulysse
1013 2138 1062 2178 res
1078 2132 1129 2179 est
1150 2121 1233 2181 alia:
1258 2126 1316 2203 ejus

217 2200 310 2260 renim
326 2200 454 2259 facinus
468 2199 502 2257 in
518 2198 683 2284 Palamede
702 2196 904 2282 designatum
923 2201 1030 2260 fuerat
1049 2219 1257 2287 exsecratns3
1277 2205 1317 2265 sio

217 2286 310 2344 renim
331 2286 365 2344 in
381 2284 577 2366 Xenophonte
600 2282 762 2362 sequitur:
793 2285 835 2347 ἔτι
852 2279 909 2366 γὰρ
932 2287 984 2348 καὶ
1005 2292 1065 2350 νῦν
1083 2286 1166 2351 πολι)
1186 2294 1316 2363 καλλίους

214 2367 342 2449 τ’ὗμνους
354 2366 695 2450 παρέχεταιὊδυσσὲως
705 2373 763 2430 soti
776 2364 1132 2446 ἆδὶτωςᾶποκτείναντος
1144 2370 1249 2441 miris.
1268 2376 1314 2435 De

215 2455 370 2513 uoruribus
384 2476 425 2515 ex
438 2452 554 2512 educta
569 2451 674 2511 cicuta
687 2453 872 2513 tumefactis
891 2453 965 2516 vide
984 2454 1126 2518 Platonis
1148 2473 1315 2523 umnam

214 2537 438 2598 {Phaedonem
461 2537 599 2597 Hnmsr.

306 2621 458 2686 Barla.
476 2616 532 2684 'Es
545 2620 874 2708 τῆςφαρματατοσίας)
894 2623 926 2685 Ε
935 2628 1050 2687 cicuta
1058 2629 1193 2710 panone.
1214 2628 1316 2691 Baon.

212 2704 309 2767 Pluto
326 2707 361 2764 iu
374 2704 532 2768 Phaedro.
554 2707 691 2768 Bonan.

307 2822 414 2888 End-l·
423 2831 474 2892 10.
493 2814 797 2906 Ἀναμετρουμὲνων)
812 2824 1314 2912 ΔιςΙ.ἄταμετροῦντατ.Βοαια.

211 2913 397 2973 Diversum
411 2923 477 2987 est,
499 2929 603 2994 neque
619 2907 698 2971 adeo
717 2909 940 2990 probandum,
966 2912 1054 2996 quod
1073 2920 1317 3001 unus-alterque

213 2993 333 3058 Codex
348 2994 479 3078 ingerit,
501 2987 756 3078 ἆναμετροὺντων.
777 2992 914 3079 Euripid.
926 3000 1000 3061 Ion.
1015 3021 1046 3060 v.
1059 3004 1136 3069 250.
1183 3000 1312 3085 Μνήμην

210 3075 350 3146 τταλαιᾶν
365 3073 611 3162 ἀνεμετρησάμην
623 3077 701 3143 τινά.
724 3079 781 3140 Or.
795 3103 824 3144 v.
844 3088 893 3149 14.
917 3117 960 3131 -
980 3088 1011 3147 τί
1022 3080 1053 3148 τ’
1065 3080 1181 3169 ὅρᾇτ’
1205 3080 1313 3169 deopt-

209 3165 433 3250 spsiunntlnipe
446 3168 502 3229 δεῖ·
526 3169 619 3247 plura
637 3163 786 3226 dicentur
800 3166 866 3227 alio
879 3170 963 3228 loeo.
984 3169 1126 3233 Hester.
1171 3172 1311 3231 Dubinn

209 3274 285 3312 non
309 3265 372 3325 est,
405 3249 485 3332 quin
506 3248 710 3310 scribendum
732 3251 858 3310 auctori
880 3252 980 3312 fuerit
1000 3253 1177 3331 Medium,
1199 3256 1313 3339 quippe

211 3358 286 3421 quo
302 3333 382 3394 illud
407 3334 529 3415 ipsum,
560 3332 649 3417 quod
669 3334 849 3415 Menippus
873 3341 966 3413 vult,
987 3336 1213 3420 significetur,
1235 3336 1313 3425 quod

210 3422 291 3504 quis
306 3417 370 3478 sibi
387 3419 632 3500 praeteritorum
653 3417 811 3480 bonorum
826 3421 966 3495 usumin
983 3423 1172 3485 memoriam
1189 3436 1312 3487 revocet

208 3520 249 3566 et·
265 3503 357 3588 quasi
373 3524 481 3564 secum
495 3503 659 3586 rependat.
702 3505 848 3564 Alterum
860 3504 1014 3589 Euripidis
1026 3508 1137 3569 locuni
1149 3530 1193 3571 ex
1204 3508 1310 3571 Oreste

206 3590 324 3653 Noster
338 3608 467 3673 quoque
478 3589 513 3648 in
532 3588 656 3652 Amorr.
670 3610 696 3654 o.
709 3593 761 3656 58.
784 3588 820 3647 in
835 3611 927 3650 usum
942 3613 1035 3650 suum
1049 3594 1228 3657 eonvertit.
1257 3592 1308 3655 Fa-

208 3675 262 3734 nit
277 3691 383 3735 tamen
404 3672 563 3735 bonorum
589 3671 684 3734 codd.
705 3688 738 3735 ot
754 3672 894 3735 Aldinae
916 3696 1047 3780 qpoque
1061 3682 1096 3743 2.
1118 3678 1307 3749 auotoritas,

207 3772 251 3818 nt:
265 3780 366 3843 paene
386 3756 529 3834 credam,
551 3757 717 3840 scripsisse
739 3773 902 3820 auctorem
924 3756 1196 3842 αναμετροῦντυιτ,
1218 3760 1307 3843 idque

207 3842 254 3903 ab
268 3842 453 3917 eruditiori,
475 3842 585 3904 neseio
602 3865 679 3926 quo,
700 3842 736 3902 in
753 3844 983 3927 elegantiorem
995 3846 1133 3907 formans
1145 3860 1306 3907 mutatura·

205 3928 254 3990 111
267 3928 496 3990 Diall.Mortt.
510 3928 557 3989 II.
580 3949 640 4029 pro
655 3949 694 3990 eo
707 3940 755 3989 est
769 3934 952 4011 μεμνῆσθαι.
973 3926 1101 3991 ibidem
1112 3928 1205 4016 qnod
1218 3930 1306 3995 cm

89 4090 93 4095 ,
206 4033 267 4072 sus
282 4010 365 4072 dicit
380 4010 465 4099 ᾅδων
478 4014 675 4095 (Menippus
686 4018 699 4085 )
709 4009 897 4094 ἐπιταράττει
907 4008 993 4097 ἡμῶν
1005 4010 1060 4089 τὰς
1073 4010 1220 4101 οἱαυγᾶς,
1239 4034 1306 4077 non·

205 4097 358 4158 forestis
378 4119 451 4159 oum
472 4097 534 4176 iis,
558 4119 640 4180 quae
664 4097 719 4175 hic
737 4098 918 4181 Menippus
936 4094 977 4161 ds
997 4094 1108 4165 eadem
1131 4120 1169 4179 rs
1188 4110 1304 4173 namt,

170 4218 174 4223 ·
205 4176 279 4269 ᾄδει
290 4177 371 4267 μάλα
383 4184 506 4268 τραχείᾳ
519 4183 572 4249 soi
584 4179 699 4264 ἀπηνεῖ
707 4188 746 4272 τῇ
759 4188 853 4287 Wt'
859 4230 869 4262 ,
883 4178 948 4271 ,soie
964 4180 1102 4273 olpoyde
1111 4180 1228 4273 ,ediis
1245 4186 1305 4251 lus·
