2678 4800
188 349 264 456 §36
427 358 1021 417 >stursoru'rrourss

190 516 236 577 mi
256 513 292 575 in
315 513 498 575 Lucianum
521 510 706 587 incitasset,
737 507 864 572 taudem
892 509 1052 575 lubsscors
1075 531 1133 575 sos
1156 526 1289 597 puteus,

189 598 357 683 Ὁμηρικῶς
373 598 537 681 classicum
551 595 656 674 canit,
677 628 720 644 -
735 593 821 660 Ἐσοὲ
836 598 947 674 σοφοὶ,
966 591 1128 678 μνήσασθε
1142 602 1176 665 di
1187 596 1293 681 dorius·

194 689 246 761 δος
261 683 362 769 ὀργῆς.
385 681 509 763 Nempe
523 679 672 742 Homerus
685 680 726 740 11.
738 688 776 744 Λ.
795 701 825 740 v·
837 688 910 748 287.
942 677 1068 764 Ἀνέρος
1087 684 1172 764 tout,
1200 688 1289 765 ullos,

194 765 352 855 μοῆσοσθε
372 766 404 831 di
417 764 565 848 θούριδος
580 762 681 845 οῗλκῆς.
711 763 805 827 qus.
850 760 944 827 Hom.
959 767 998 826 ΙΙ.
1014 775 1064 843 Λ,
1081 775 1159 837 287.
1171 765 1306 851 'Attiou‘

194 858 275 930 ἔστε,
299 855 397 933 φίλοι,
422 849 580 931 μνήσασθε
599 848 633 913 di
645 843 795 930 θούριδος
814 842 918 931 ἀλκῆς.
961 850 1058 912 Unde
1074 866 1108 935 ct
1124 852 1183 912 hic
1198 849 1292 935 ἀνέρες

196 934 355 1001 excidisse
371 935 528 1016 conjicio,
552 931 639 1014 quod
659 954 716 993 our
731 933 893 1013 rejiceret,
917 939 1006 995 nulla
1022 939 1208 999 erut-ratio.
1241 939 1292 999 So.

199 1026 276 1085 criu.
320 1020 360 1080 Il.
377 1026 423 1096 Π,
440 1026 511 1085 270.
536 1019 640 1080 Gcsu.
682 1016 778 1078 Broc.
794 1019 934 1079 Miscell.
953 1040 985 1101 p.
998 1028 1029 1087 2.
1045 1028 1137 1088 ew.
1152 1023 1210 1099 eit,
1221 1022 1292 1085 Hc.

196 1130 267 1168 mer.
283 1104 323 1165 11.
338 1110 372 1168 Z.
389 1109 424 1168 Θ.
443 1102 563 1163 dixisse
583 1098 629 1150 ἕ·-
650 1097 808 1184 μοῆσασθε
824 1103 862 1167 δὲ·
871 1100 1021 1186 θούριδος
1035 1099 1146 1186 ἀλκῆς.
1181 1106 1291 1182 Ιὶοοοος

200 1189 255 1254 sed
269 1209 349 1252 vers.
365 1189 404 1252 Il.
422 1192 456 1253 Θ.
473 1200 520 1248 est
536 1193 608 1253 174.
625 1201 658 1246 et
673 1193 713 1265 Z,
729 1195 800 1254 112.
835 1185 928 1249 Adde
944 1191 1075 1250 tertium
1089 1189 1180 1251 idem
1196 1189 1294 1253 dicen·

200 1289 280 1348 tem,
310 1277 384 1334 loo'o
407 1271 445 1332 sb
467 1270 582 1333 Soiono
603 1269 766 1351 indicst03
804 1271 861 1330 ubi
887 1292 1010 1354 semper
1034 1270 1167 1351 hebet,
1182 1267 1295 1359 ’Λῆέμες

200 1359 278 1435 ἐστὲ,
303 1361 402 1439 φίλοι,
422 1354 578 1438 μνήσασθε
600 1357 632 1420 tt
649 1353 798 1439 θούριδος
814 1352 918 1437 ἀλκῆς.
949 1378 1047 1440 quare
1062 1378 1132 1417 non
1148 1359 1293 1439 dubitem,

200 1439 307 1525 ἀνέρες
322 1440 482 1502 excidisse
495 1462 535 1501 ex
549 1441 705 1517 Lucieno,
729 1441 804 1523 quia
822 1457 907 1501 amet
923 1440 1065 1549 integros
1079 1464 1194 1517 versus
1207 1442 1294 1504 sddn.

201 1548 292 1589 cere:
316 1523 409 1610 ὀργῆς
424 1546 500 1586 vero
513 1523 715 1586 retinendum
732 1524 825 1585 credo
834 1575 843 1603 ‚
867 1547 926 1587 nec
944 1527 978 1584 in
991 1534 1085 1606 αλκῆς
1100 1526 1293 1606 mutandum,

202 1627 369 1689 nontam,
401 1609 478 1692 quia
502 1608 683 1670 memoriter
705 1610 745 1669 ub
765 1609 877 1672 Nostro
896 1611 1028 1670 citatum
1055 1624 1125 1682 est,
1151 1611 1210 1673 sed
1249 1613 1296 1673 nit

203 1693 312 1756 dedite
327 1714 421 1778 opera
439 1686 531 1777 ὀργῆς
544 1713 601 1773 pro
616 1685 709 1771 ἀλκῆς
724 1693 819 1772 dixit,
842 1706 987 1776 utsupra
999 1690 1083 1777 πῆοη
1096 1716 1162 1775 pro
1178 1712 1296 1780 φρῆτμμ

204 1788 280 1865 quo*
291 1778 480 1842 iracundiam
499 1775 706 1859 philosophis
727 1776 949 1858 exprobraret,
971 1798 1039 1840 nou
1059 1779 1163 1848 robur.
1207 1780 1296 1845 Immo

205 1864 298 1948 quasi
313 1885 425 1924 vanam
440 1865 509 1923 sine
524 1859 648 1935 viribus
665 1861 754 1922 iram.
788 1864 921 1923 Rursu—
941 1896 946 1907 ·
978 1896 981 1901 ·

213 2044 218 2051 '
290 2031 369 2095 Eas.
384 2035 404 2093 l.
420 2040 449 2102 8.
469 2028 627 2115 Ἑποᾶκις)
649 2029 750 2113 Atqui
773 2045 968 2093 sextantum
987 2052 1066 2093 mox
1080 2050 1318 2098 numerenturt·

207 2116 428 2199 Chrysippus,
459 2118 640 2200 Epicurus,
666 2117 777 2195 Pluto,
808 2116 1013 2193 Aristoteles,
1044 2118 1250 2219 Pythagoras
1271 2134 1298 2183 ct

204 2201 384 2285 Diogenes.
429 2202 512 2286 Quis
527 2222 603 2285 orgo
619 2200 773 2283 septimus
784 2200 865 2262 ille?
888 2201 1092 2282 Socratesns,
1117 2225 1179 2287 qut
1193 2204 1246 2265 hic
1259 2208 1297 2267 lo·
1319 2270 1325 2281 ‚

206 2307 310 2371 quens
333 2285 518 2366 inducitur,
543 2308 701 2368 quemque
722 2285 908 2347 interfuisse
927 2301 1070 2366 constet,
1092 2288 1188 2366 (vid.
1211 2290 1259 2353 tit
1272 2302 1298 2349 st

207 2382 240 2432 ds
254 2373 324 2452 10.)
341 2392 397 2450 an,
421 2392 514 2456 quem
530 2376 592 2453 jem
608 2368 806 2448 nominavit,
830 2370 1041 2452 Aristippus?
1066 2372 1133 2433 Pro
1149 2373 1216 2435 VH
1222 2416 1233 2452 ,
1245 2378 1296 2456 jum

119 2447 123 2454 ’
206 2455 302 2519 VIII.
318 2456 481 2518 habemus.
526 2457 669 2533 Haereo,
692 2468 782 2514 utut
798 2454 859 2516 sit:
880 2459 961 2517 male
973 2455 1056 2517 haec
1068 2459 1163 2537 prius
1177 2473 1211 2519 et
1226 2464 1256 2521 le
1275 2478 1299 2517 s·

206 2538 344 2615 buntur,
368 2554 401 2601 et
418 2541 637 2603 vertebantur:
658 2540 782 2603 Somsu‘.
829 2538 992 2622 Septimum
1006 2558 1088 2625 'ergo
1104 2542 1236 2623 quaerit

200 2620 311 2686 lanus.-
331 2639 379 2685 est
401 2624 542 2700 scilicet,
562 2623 751 2706 quicunque
772 2626 927 2685 lectorum
945 2626 1086 2685 Lucieni
1106 2625 1144 2684 in
1159 2626 1298 2685 minutiis

202 2707 328 2791 aliquid
345 2709 478 2792 (luserit.
523 2710 609 2789 Jooo'
620 2722 760 2786 remoto,
785 2707 917 2769 omnino
935 2707 1161 2790 rectojudicst
1173 2708 1299 2807 Scybal-

205 2782 279 2870 itus,
303 2796 394 2874 cujus
413 2792 492 2855 haec
516 2807 592 2853 sunt
611 2793 722 2854 verba:
750 2792 860 2868 „Moe
878 2790 942 2853 Sol.
964 2804 1137 2876 computat
1156 2792 1299 2855 Philoso-

205 2876 309 2960 phos,
334 2890 366 2939 et
382 2877 467 2961 quod
485 2884 591 2961 plures
606 2891 700 2960 sunt,
724 2872 818 2961 quu'm
838 2891 975 2956 septem,
998 2882 1081 2939 mele
1094 2877 1191 2939 illum
1206 2878 1301 2941 habos

205 2995 249 3009 —
271 2963 352 3022 Esse
379 2977 488 3043 putem
520 2985 684 3027 numerum
711 2974 833 3020 certum
862 2982 921 3040 pro
941 2960 1092 3025 incerto..
1111 2982 1195 3023 num
1216 2962 1301 3038 cuim,

210 3062 283 3105 cum
293 3046 409 3107 'dicere
423 3054 537 3127 vellet,
561 3068 619 3126 pro
635 3065 834 3127 unoquoque
850 3044 1128 3126 Philosophorum
1142 3046 1247 3127 perire
1260 3044 1303 3105 de·

209 3127 286 3215 here
306 3131 509 3211 Luciam,
539 3130 575 3191 itl
596 3145 663 3190 erat
690 3128 829 3189 Socratis
843 3129 1021 3215 ferventis,
1038 3122 1195 3193 nummum
1218 3147 1301 3207 antec

209 3227 293 3298 quot
323 3237 395 3276 eum
426 3219 630 3278 circumstent
648 3212 896 3294 Philosophit“
942 3213 1086 3275 Omnino
1115 3214 1199 3277 haec
1219 3230 1304 3283 recte,

212 3296 369 3379 qiiuntum
397 3301 526 3382 quidem
550 3320 584 3360 ea
603 3297 641 3358 ad
664 3291 804 3380 sigutius
819 3296 929 3358 Solom'
948 3297 1143 3360 refellendas
1159 3311 1302 3381 spectant.
1334 3310 1337 3318 '

212 3382 312 3464 Quod
334 3398 438 3445 eutem
463 3382 625 3471 Seyboldus
648 3382 719 3463 ipsc
738 3379 859 3456 ἑπτάκις
877 3380 916 3442 de
937 3402 1072 3449 numero
1093 3382 1304 3467 Bhilcsopho-

211 3468 284 3529 rum
303 3469 431 3528 illorum
449 3491 549 3552 aeque
564 3490 601 3529 ao
616 3466 747 3528 Solorius
761 3465 924 3548 intelligit,
941 3488 1007 3527 non
1024 3464 1167 3529 attendit
1180 3470 1220 3545 is,
1230 3462 1303 3553 quod

214 3552 402 3635 adjunctum
417 3556 551 3638 legitur,
574 3544 648 3616 καθ’
662 3553 806 3625 ἕκαστον,
825 3563 860 3609 ut
874 3550 913 3610 ab
928 3574 1104 3635 unoquoque
1115 3550 1234 3635 horum
1246 3570 1303 3633 sep·

214 3649 280 3696 tem
300 3651 416 3699 octove
441 3636 712 3721 philosophorum
735 3630 858 3719 septem,
888 3636 940 3696 rel
969 3639 1113 3717 septenis,
1145 3634 1303 3719 suppliciis

96 3746 102 3759 ·
214 3720 403 3801 plectendus
423 3723 590 3786 Lucienus
609 3720 748 3805 cogitari
763 3718 899 3792 'debenti
925 3719 947 3782 i.
963 3719 1040 3782 etsi
1058 3720 1169 3801 ipsius
1179 3736 1302 3781 sumto

216 3803 362 3865 curiosus
378 3807 440 3886 sis,
462 3804 804 3888 undequinquaginta,
827 3808 881 3865 vel
896 3803 1136 3948 quinquaqinta
1147 3826 1222 3883 sex,
1243 3822 1303 3884 sup·

215 3886 336 3967 pliciis.
380 3892 448 3955 Jom
473 3889 559 3950 nihil
578 3892 712 3964 clarius,
733 3908 904 3955 numerum
925 3886 1031 3970 ipsum
1071 3890 1192 3952 imnou
1209 3910 1255 3951 ms
1276 3888 1309 3962 it.

217 3990 311 4052 quam
332 3973 365 4032 in
385 3977 523 4059 Epistst.
545 3974 672 4034 Saturn.
699 3994 727 4032 c.
742 3981 812 4044 22,
835 3971 1015 4056 urgendum
1035 3994 1126 4047 mse,
1147 3973 1240 4037 tetis

217 4069 302 4116 crate
315 4061 455 4139 graviter
479 4072 639 4120 commoto
654 4056 1019 4137 gravissimum-omnino
1035 4057 1183 4145 intelligi
1197 4052 1311 4141 suppli'

217 4138 312 4203 cium.
336 4141 396 4203 'Sic
408 4150 469 4216 iem
491 4142 609 4202 dudum
625 4140 790 4201 intellexit
802 4161 917 4203 sentos
930 4139 1021 4203 Edit.
1036 4140 1148 4217 Reitz-
1162 4144 1199 4205 iu
1211 4142 1299 4205 Novi.
