2678 4800
199 395 276 467 428
465 374 1041 458 sosorarroses'

201 581 257 634 ea,
279 571 318 618 ut
337 553 471 638 opinor,
492 551 576 613 vitio
594 552 635 613 iis
656 550 826 630 vertenda,
848 550 895 625 sl,
917 547 1033 612 utltoe
1054 549 1090 611 in
1104 555 1205 631 loeo,
1227 574 1299 633 sen·

200 665 255 705 sus
270 642 379 704 facilis
392 653 426 699 et
440 652 567 718 apertus
580 641 730 699 lectorem
754 634 862 717 decipi
873 654 943 719 ¹non
959 634 1111 717 patiatur.
1153 636 1197 697 In
1212 639 1297 716 aliis,

199 729 258 788 ubi
272 723 399 786 errandi
419 722 597 801 perieulum
617 736 683 791 est.
706 719 867 801 culpandi.
891 717 1021 788 δοιοί.
1065 720 1218 785 Retioere
1239 723 1297 784 ali·

201 808 333 895 quaudo
349 808 383 865 in
398 826 465 866 uuo
481 806 638 865 orationis
653 804 792 866 membro
807 803 957 881 verbum,
979 802 1113 888 quodiu
1130 810 1234 868 altero
1245 808 1299 869 vel

200 910 326 976 aperte,
353 894 406 952 vel
427 888 613 970 impeditius
636 890 681 950 sit
700 898 907 969 expressura,-
931 909 999 948 nou
1019 890 1213 971 infrequens
1230 904 1298 953 esta

199 979 265 1040 hoe
280 995 368 1061 ergo,
386 972 476 1054 quod
489 971 529 1032 ad
546 972 736 1054 implendam
751 972 942 1033 seutentiam
959 992 1000 1033 ex
1014 974 1165 1052 proximo
1181 972 1297 1035 arcessi

200 1061 311 1137 debet,
335 1060 363 1119 si
378 1057 546 1139 potestatis
561 1058 660 1117 fuerit
674 1055 835 1138 ejusdem,
859 1056 915 1115 vix
928 1060 1023 1116 ullam
1039 1055 1139 1118 habet
1154 1055 1297 1119 difficul-

199 1162 315 1207 tatem:
338 1145 389 1204 sin
407 1141 588 1222 requiratur
609 1142 770 1216 diversae,
792 1145 844 1200 vel
860 1141 956 1200 etiam
979 1142 1177 1220 contrariae,
1198 1146 1296 1227 longo

200 1235 363 1311 majorem.
408 1226 474 1285 Hie
501 1226 535 1285 iu
558 1226 659 1306 prima
683 1240 773 1307 parte
795 1225 938 1305 positum
960 1220 1088 1291 saisisse
1103 1227 1210 1307 repeti
1229 1246 1295 1287 nos

222 1330 306 1376 otest
316 1316 349 1371 in
364 1310 531 1394 sequenti3
552 1309 607 1370 sed
617 1332 657 1371 err
671 1330 711 1370 eo
722 1307 923 1369 formandum
933 1323 982 1371 est
996 1309 1086 1370 aliud
1095 1310 1187 1372 illius
1200 1332 1295 1373 mem·

197 1337 250 1458 iri
268 1396 447 1458 sententiae
461 1395 657 1454 couveniens
671 1389 806 1472 ποιήσει,
819 1385 995 1479 ἆναγκᾶοετ,
1011 1410 1067 1455 aut
1080 1395 1189 1456 simile
1202 1394 1297 1478 quid-

201 1481 272 1543 dam
286 1489 330 1547 rui
342 1476 473 1544 κωλύσει
484 1479 689 1538 eontrarium.
732 1479 815 1537 Eum
832 1478 867 1538 iu
882 1477 1011 1539 modum
1026 1479 1105 1539 lauis
1116 1484 1194 1541 loco
1210 1494 1295 1541 teoto

200 1548 366 1647 suppeiias
387 1563 464 1623 tulit
476 1564 665 1623 Latinarum
689 1563 917 1645 elegantiarum
933 1584 1001 1624 non
1017 1562 1225 1627 mediocriter
1237 1584 1297 1645 pe-

200 1650 282 1712 ritus
300 1651 357 1711 Tlr.
379 1645 517 1729 Woplem
536 1649 627 1708 Lect.
649 1651 732 1706 Tull.
752 1647 779 1709 Ι.
796 1669 825 1713 c.
841 1656 872 1715 8.
890 1669 920 1728 p.
936 1655 989 1715 48.
1007 1669 1195 1729 comparans
1208 1646 1297 1710 Pauli

200 1736 230 1800 I.
252 1733 292 1794 ad
311 1731 529 1803 Timoth.1l⁷‚
545 1740 576 1799 3.
599 1728 778 1795 solatiosus
795 1741 918 1816 γαμεῖν,
940 1727 1105 1815 ἆπὲγεοθω
1120 1728 1297 1817 βρωμᾶτων,

203 1816 293 1903 quod
306 1816 447 1899 intelligi
462 1818 593 1892 volunt,
611 1813 787 1881 κωλυόντων
799 1826 921 1899 γαμεῖν,
936 1813 1234 1883 seminaretis.
1248 1820 1297 1901 βο·

202 1903 288 1965 Vide
307 1922 455 1984 maguum
471 1898 624 1975 (iterium,
639 1900 695 1984 qui
710 1923 751 1963 ex
763 1900 898 1963 Phaedro
913 1902 1069 1983 protulit,
1090 1902 1157 1965 Neo
1169 1920 1235 1969 orto
1251 1900 1300 1963 di·

201 1991 298 2063 sm'tti,
320 2009 420 2047 verum
440 1988 569 2047 ονοοίοτί
578 1986 670 2072 fame
683 1986 740 2065 lv,
759 1993 809 2053 17.
828 1986 1074 2067 Liri-XXXVI,
1091 1995 1143 2055 17.
1163 1986 1240 2051 Rex
1256 2018 1300 2039 σ-

204 2069 341 2135 sandalis
354 2095 385 2131 se
402 2073 483 2128 intra
501 2096 602 2153 rupes‚·
625 2096 660 2131 tte
672 2071 861 2157 auresaures
880 2070 996 2155 quidem
1012 2070 1123 2145 soltus,
1144 2090 1179 2133 ast
1200 2096 1300 2157 quoss-

204 2157 277 2217 dum
292 2153 648 2241 Lacedaemoniosfomo
664 2172 721 2230 cst,
742 2155 795 2215 sed
806 2159 887 2215 intro
898 2161 1014 2238 pertitus
1026 2161 1161 2219 retractu
1175 2160 1299 2219 salsis:

203 2240 261 2301 ubi
276 2241 310 2299 in
327 2240 434 2321 priore
450 2255 539 2317 parte
559 2237 773 2320 supplendum
789 2261 855 2300 esse
868 2244 992 2321 positi55
1013 2263 1085 2301 nam
1099 2247 1235 2303 retractis
1250 2238 1298 2301 ibi

202 2328 310 2385 locum
326 2345 392 2383 non
409 2322 540 2388 babere.
564 2324 690 2385 monuit
710 2321 870 2384 eruditiss.
894 2322 1026 2385 Duderua
1040 2323 1079 2385 ad
1095 2324 1180 2389 Flor.
1197 2326 1251 2401 ΙΙ,
1266 2328 1297 2393 7.

203 2430 277 2493 pag.
295 2416 368 2477 361.
387 2428 480 2487 quem
494 2406 582 2469 adire
600 2429 713 2487 operae
729 2422 777 2469 est
791 2400 938 2489 pretium.
982 2410 1053 2471 Alia
1070 2408 1111 2470 de
1124 2408 1191 2471 hoo
1206 2428 1300 2495 gens-

202 2515 238 2555 re
252 2491 460 2552 solertissime
474 2492 679 2570 pertractavit
692 2491 722 2553 l.
735 2490 786 2557 Fr.
806 2491 971 2555 Gronovius
984 2492 1062 2554 Obs.
1076 2494 1136 2570 lv,
1153 2502 1186 2562 2.
1200 2516 1233 2577 p.
1247 2500 1298 2563 26.

203 2586 258 2646 27.
282 2577 420 2637 Hensr.
467 2573 509 2638 Tri
523 2583 579 2640 τοῦ
596 2575 735 2641 Θανάτου
753 2578 823 2660 ἔργα
836 2576 1030 2637 videbantur
1046 2575 1086 2639 de
1100 2576 1180 2641 Orci
1194 2598 1301 2661 perso·

204 2682 245 2721 aa
263 2658 372 2722 eadem
388 2661 619 2743 intelligenda,
643 2682 726 2742 quae
750 2662 785 2723 iu
800 2660 954 2744 Euripidis
967 2660 1131 2725 Alcestide
1144 2660 1302 2747 proponi.

203 2759 269 2823 tur,
291 2764 449 2826 quamque
464 2760 495 2806 et
510 2744 616 2807 Noster
631 2746 747 2825 passim
766 2746 861 2807 etiam
875 2747 909 2804 iu
926 2742 989 2807 hou
1002 2746 1115 2807 libello
1127 2745 1250 2821 innuit,
1271 2766 1300 2811 e.

205 2850 237 2913 g·
252 2851 280 2890 ⁰·
295 2835 327 2896 8·
346 2824 364 2895 oP
386 2824 578 2910 ἆμωχοὶτυτος
598 2838 658 2895 τῶν
680 2827 927 2915 ἆντυγωνιστων,
951 2847 983 2892 et
995 2852 1021 2895 c.
1038 2836 1087 2897 17.
1105 2825 1123 2897 ὅ
1139 2832 1300 2915 βέλτιστος,

205 2917 297 2994 eujus
313 2912 422 2971 nuntii
440 2928 472 2976 et
485 2914 625 2975 ministri
638 2914 685 2975 ibi
702 2914 856 2977 dicuntur
871 2915 991 2994 morbi,
1014 2914 1117 2999 gladii
1129 2931 1195 2979 eto.
1226 2914 1300 2978 vid

205 2997 254 3057 ibi
270 2996 470 3063 Hematerlsus.
513 3001 596 3060 Sunt
611 3014 716 3060 autem
738 2997 774 3063 rai
787 3004 844 3065 soti
863 2995 1005 3064 Θανάτου
1023 3002 1042 3065 ἔ
1074 3024 1096 3063 s
1130 3000 1237 3065 assive
1249 3020 1303 3065 su·

203 3082 337 3158 ruenda,
359 3106 436 3166 quoe
454 3082 497 3145 od
517 3082 627 3146 Orcum
641 3087 797 3167 pertinent.
840 3082 898 3149 Sie
921 3085 957 3144 iu
972 3084 1015 3150 N.
1063 3020 1181 3149 diiii·
1196 3081 1235 3151 τὶ
1252 3088 1305 3151 sod

205 3163 352 3253 διαβόλου
364 3170 451 3250 ἔργα,
472 3182 507 3231 at
522 3168 653 3232 similia.
686 3169 807 3232 Lausr.

290 3336 366 3418 Peg.
387 3341 440 3403 st.
454 3339 477 3396 1.
492 3341 523 3403 4.
556 3334 604 3399 Σῦ
629 3336 662 3403 di
684 3374 721 3387 -
746 3335 877 3405 dosoris
895 3329 955 3421 ἦν)
984 3337 1036 3400 An
1058 3336 1210 3425 cuiquam
1227 3337 1305 3403 haar

227 3424 364 3497 lassant,
387 3419 513 3483 nescio:
536 3420 617 3481 mihi
632 3439 718 3486 certe
732 3423 853 3486 medica
866 3446 964 3485 manu
979 3422 1126 3508 indigere
1140 3422 1306 3491 videntur.

205 3442 299 3587 {ego
315 3505 425 3586 itaque
442 3508 491 3569 ool
505 3506 551 3583 di,
574 3509 641 3582 vel,
665 3506 795 3585 δυνατὸς
807 3500 861 3589 ἧς·
885 3507 941 3571 sed
958 3509 1048 3590 prius
1066 3508 1170 3591 magis
1184 3512 1307 3591 placen

207 3590 300 3651 etita
315 3587 498 3652 emendasse
521 3590 627 3650 virum
642 3593 782 3675 aliquem
805 3594 936 3655 doctum
952 3595 987 3652 iu
1012 3592 1157 3677 margine
1171 3592 1225 3655 sui
1236 3590 1306 3655 libri

207 3672 317 3736 video.
341 3675 468 3735 Suras.
512 3673 759 3739 Nominativum
777 3680 863 3740 tueri
878 3679 973 3754 licet,
996 3677 1025 3735 si
1042 3678 1305 3739 statuas-absolu-

207 3770 293 3817 tum:
317 3757 353 3819 de
368 3774 395 3817 ts
411 3781 495 3835 vero,
518 3763 586 3826 vel.
610 3760 653 3822 od
674 3778 702 3822 te
722 3761 804 3847 quod
818 3766 937 3839 attinet,
959 3765 988 3823 si
1004 3776 1136 3844 potestus
1156 3760 1308 3849 sitifim

207 3844 240 3902 in
269 3841 381 3905 coelum
410 3841 618 3907 adscendendi.
671 3848 800 3908 Usitata
830 3847 962 3909 Graecis
987 3860 1168 3907 structurae
1193 3844 1309 3923 forms,

209 3947 304 4007 quam
319 3947 378 3987 neo
392 3928 496 3987 Attici
512 3928 688 4014 refugiunt.
732 3928 976 3996 Isoor.Panath.
992 3951 1024 4013 p.
1040 3930 1115 3997 257.
1132 3932 1179 3995 At
1256 3918 1310 3995 eis

208 4012 302 4073 sirius
322 4043 364 4056 -
388 4009 439 4076 desi
452 4016 643 4097 μακροτέρων
658 4017 712 4095 μὲν
725 4009 820 4090 adroic
834 4021 983 4096 διῆλθον,
1004 4004 1094 4078 οὖτα
1103 4006 1136 4079 d'
1149 4038 1212 4080 strat
1223 4004 1310 4097 ἦσαν.

207 4092 350 4155 Philum.
363 4092 402 4157 de
417 4096 457 4158 V.
476 4096 510 4162 S.
527 4099 571 4158 Il.
586 4122 618 4179 p.
636 4105 709 4171 553.
723 4120 753 4162 v.
768 4107 820 4170 31.
840 4097 863 4180 ἡ
884 4097 1041 4182 μεσόγειος
1064 4097 1164 4163 dl·-
1182 4094 1312 4183 ripales

210 4175 316 4255 αὐτοῖς
331 4174 352 4261 ἦ
370 4178 473 4263 φωνή.
517 4182 676 4247 Heliodor.
696 4187 723 4247 l.
741 4206 772 4267 p.
785 4192 816 4253 2*
834 4180 877 4249 ‘O
890 4186 921 4249 di
937 4178 1089 4269 αἰγιαλοῖς,
1110 4184 1206 4264 padari
1217 4182 1314 4248 ndns
