<?xml version="1.0" encoding="UTF-8"?>
<!DOCTYPE html PUBLIC "-//W3C//DTD XHTML 1.0 Transitional//EN"
    "http://www.w3.org/TR/xhtml1/DTD/xhtml1-transitional.dtd">
<html xmlns="http://www.w3.org/1999/xhtml" xml:lang="en" lang="en">
 <head>
  <title>
</title>
<meta http-equiv="Content-Type" content="text/html;charset=utf-8" />
  <meta name='ocr-system' content='tesseract 3.04.00' />
  <meta name='ocr-capabilities' content='ocr_page ocr_carea ocr_par ocr_line ocrx_word'/>
</head>
<body>
  <div class='ocr_page' id='page_1' title='image "./lucianisamosate05lehmgoog_0692.png"; bbox 0 0 2678 4800; ppageno 0'>
   <div class='ocr_carea' id='block_1_1' title="bbox 203 284 1133 393">
    <p class='ocr_par' dir='ltr' id='par_1_1' title="bbox 203 284 1133 393">
     <span class='ocr_line' id='line_1_1' title="bbox 203 284 1133 393; baseline -0.015 0"><span class='ocrx_word' id='word_1_1' title='bbox 203 321 277 393; x_wconf 64' lang='lat' dir='ltr'><strong>fflO</strong></span> <span class='ocrx_word' id='word_1_2' title='bbox 462 284 1046 386; x_wconf 55' lang='lat' dir='ltr'><strong>successibus?</strong></span> <span class='ocrx_word' id='word_1_3' title='bbox 1127 365 1133 385; x_wconf 76' lang='lat'><strong>.</strong></span> 
     </span>
    </p>
   </div>
   <div class='ocr_carea' id='block_1_2' title="bbox 127 474 1337 4189">
    <p class='ocr_par' dir='ltr' id='par_1_2' title="bbox 127 474 1337 4189">
     <span class='ocr_line' id='line_1_2' title="bbox 174 474 1280 566; baseline -0.005 -19"><span class='ocrx_word' id='word_1_4' title='bbox 174 528 181 547; x_wconf 89' lang='lat'><strong>-.</strong></span> <span class='ocrx_word' id='word_1_5' title='bbox 201 499 253 550; x_wconf 80' lang='lat' dir='ltr'><strong>tac</strong></span> <span class='ocrx_word' id='word_1_6' title='bbox 276 483 452 545; x_wconf 79' lang='lat' dir='ltr'><strong>hodiernae</strong></span> <span class='ocrx_word' id='word_1_7' title='bbox 467 483 552 545; x_wconf 86' lang='lat' dir='ltr'><strong>enim</strong></span> <span class='ocrx_word' id='word_1_8' title='bbox 568 478 649 540; x_wconf 90' lang='lat' dir='ltr'><strong>adeo</strong></span> <span class='ocrx_word' id='word_1_9' title='bbox 670 480 704 538; x_wconf 90' lang='lat' dir='ltr'><strong>iu</strong></span> <span class='ocrx_word' id='word_1_10' title='bbox 728 478 797 542; x_wconf 84' lang='lat' dir='ltr'><strong>dies</strong></span> <span class='ocrx_word' id='word_1_11' title='bbox 819 493 1003 558; x_wconf 85' lang='lat' dir='ltr'><strong>mutantur,</strong></span> <span class='ocrx_word' id='word_1_12' title='bbox 1025 493 1064 539; x_wconf 88' lang='lat' dir='ltr'><strong>nt</strong></span> <span class='ocrx_word' id='word_1_13' title='bbox 1084 500 1197 559; x_wconf 84' lang='lat' dir='ltr'><strong>nemo,</strong></span> <span class='ocrx_word' id='word_1_14' title='bbox 1217 474 1280 566; x_wconf 86' lang='lat' dir='ltr'><strong>qnid</strong></span> 
     </span>
     <span class='ocr_line' id='line_1_3' title="bbox 202 564 1280 647; baseline 0.003 -19"><span class='ocrx_word' id='word_1_15' title='bbox 202 567 360 640; x_wconf 82' lang='lat' dir='ltr'><strong>efficiant,</strong></span> <span class='ocrx_word' id='word_1_16' title='bbox 383 567 448 625; x_wconf 88' lang='lat' dir='ltr'><strong>nisi</strong></span> <span class='ocrx_word' id='word_1_17' title='bbox 469 565 657 626; x_wconf 71' lang='lat' dir='ltr'><strong>necessitate</strong></span> <span class='ocrx_word' id='word_1_18' title='bbox 679 580 827 643; x_wconf 84' lang='lat' dir='ltr'><strong>coactus,</strong></span> <span class='ocrx_word' id='word_1_19' title='bbox 856 564 1026 647; x_wconf 74' lang='lat' dir='ltr'><strong>anquirere</strong></span> <span class='ocrx_word' id='word_1_20' title='bbox 1046 577 1146 625; x_wconf 84' lang='lat' dir='ltr'><strong>curet.</strong></span> <span class='ocrx_word' id='word_1_21' title='bbox 1168 565 1280 630; x_wconf 65' lang='lat' dir='ltr'><strong>bonan.</strong></span> 
     </span>
     <span class='ocr_line' id='line_1_4' title="bbox 285 645 1337 734; baseline -0.001 -24"><span class='ocrx_word' id='word_1_22' title='bbox 285 651 364 713; x_wconf 83' lang='lat' dir='ltr'><strong>Eud.</strong></span> <span class='ocrx_word' id='word_1_23' title='bbox 381 656 401 714; x_wconf 89' lang='lat' dir='ltr'><strong>l.</strong></span> <span class='ocrx_word' id='word_1_24' title='bbox 418 658 448 715; x_wconf 88' lang='lat'><strong>8.</strong></span> <span class='ocrx_word' id='word_1_25' title='bbox 472 645 702 732; x_wconf 72' lang='grc' dir='ltr'><em>Διαῤῥαγῆναν)</em></span> <span class='ocrx_word' id='word_1_26' title='bbox 727 645 860 710; x_wconf 79' lang='lat' dir='ltr'><strong>Clamore</strong></span> <span class='ocrx_word' id='word_1_27' title='bbox 874 648 1029 729; x_wconf 75' lang='lat' dir='ltr'><strong>disrumpi.</strong></span> <span class='ocrx_word' id='word_1_28' title='bbox 1045 647 1282 734; x_wconf 65' lang='grc' dir='ltr'><strong>(διρῤαγῆναιίνι</strong></span> <span class='ocrx_word' id='word_1_29' title='bbox 1332 658 1337 710; x_wconf 88' lang='lat'><strong>&#39;:</strong></span> 
     </span>
     <span class='ocr_line' id='line_1_5' title="bbox 127 734 1337 829; baseline -0.005 -29"><span class='ocrx_word' id='word_1_30' title='bbox 127 754 128 759; x_wconf 77' lang='grc'>’</span> <span class='ocrx_word' id='word_1_31' title='bbox 203 736 337 829; x_wconf 82' lang='lat' dir='ltr'><strong>gebatur</strong></span> <span class='ocrx_word' id='word_1_32' title='bbox 353 735 385 792; x_wconf 84' lang='lat' dir='ltr'><strong>in</strong></span> <span class='ocrx_word' id='word_1_33' title='bbox 402 734 560 805; x_wconf 81' lang='lat' dir='ltr'><strong>Miscell.)</strong></span> <span class='ocrx_word' id='word_1_34' title='bbox 584 735 694 794; x_wconf 79' lang='lat' dir='ltr'><strong>iinon.</strong></span> <span class='ocrx_word' id='word_1_35' title='bbox 1329 766 1337 799; x_wconf 70' lang='lat' dir='ltr'><strong>s</strong></span> 
     </span>
     <span class='ocr_line' id='line_1_6' title="bbox 210 813 1337 899; baseline -0.003 -18"><span class='ocrx_word' id='word_1_36' title='bbox 210 829 212 835; x_wconf 78' lang='grc'>’</span> <span class='ocrx_word' id='word_1_37' title='bbox 288 819 365 881; x_wconf 79' lang='lat' dir='ltr'><strong>Eud.</strong></span> <span class='ocrx_word' id='word_1_38' title='bbox 381 823 401 877; x_wconf 94' lang='lat' dir='ltr'><strong>l.</strong></span> <span class='ocrx_word' id='word_1_39' title='bbox 416 823 446 882; x_wconf 84' lang='lat'><strong>9.</strong></span> <span class='ocrx_word' id='word_1_40' title='bbox 472 819 544 880; x_wconf 84' lang='grc' dir='ltr'>Εἰσὶ</span> <span class='ocrx_word' id='word_1_41' title='bbox 559 813 587 880; x_wconf 82' lang='grc' dir='ltr'><strong>δ’</strong></span> <span class='ocrx_word' id='word_1_42' title='bbox 604 820 695 881; x_wconf 81' lang='grc' dir='ltr'><em>οἱκαὶ</em></span> <span class='ocrx_word' id='word_1_43' title='bbox 712 819 761 882; x_wconf 79' lang='grc' dir='ltr'><strong>ἐπὶ</strong></span> <span class='ocrx_word' id='word_1_44' title='bbox 775 813 874 882; x_wconf 73' lang='grc' dir='ltr'><em>κάλλει</em></span> <span class='ocrx_word' id='word_1_45' title='bbox 894 851 937 866; x_wconf 85' lang='grc'><em>-</em></span> <span class='ocrx_word' id='word_1_46' title='bbox 958 818 1029 898; x_wconf 73' lang='grc' dir='ltr'><em>ῥῖνα</em></span> <span class='ocrx_word' id='word_1_47' title='bbox 1040 817 1181 899; x_wconf 70' lang='grc' dir='ltr'><strong>ἔχοντας)</strong></span> <span class='ocrx_word' id='word_1_48' title='bbox 1201 818 1282 894; x_wconf 83' lang='lat' dir='ltr'><strong>Haec,</strong></span> <span class='ocrx_word' id='word_1_49' title='bbox 1330 834 1337 885; x_wconf 91' lang='grc'><strong>·,</strong></span> 
     </span>
     <span class='ocr_line' id='line_1_7' title="bbox 201 899 1337 975; baseline 0.001 -12"><span class='ocrx_word' id='word_1_50' title='bbox 201 920 238 968; x_wconf 88' lang='lat' dir='ltr'><strong>ut</strong></span> <span class='ocrx_word' id='word_1_51' title='bbox 258 905 360 964; x_wconf 86' lang='lat' dir='ltr'><strong>aliena</strong></span> <span class='ocrx_word' id='word_1_52' title='bbox 380 901 418 960; x_wconf 88' lang='lat' dir='ltr'><strong>ab</strong></span> <span class='ocrx_word' id='word_1_53' title='bbox 439 901 613 975; x_wconf 88' lang='lat' dir='ltr'><strong>hocloco,</strong></span> <span class='ocrx_word' id='word_1_54' title='bbox 637 902 924 961; x_wconf 88' lang='lat' dir='ltr'><strong>uncinis&#39;inclusit</strong></span> <span class='ocrx_word' id='word_1_55' title='bbox 938 899 1071 961; x_wconf 83' lang='lat' dir='ltr'><strong>Belinas.</strong></span> <span class='ocrx_word' id='word_1_56' title='bbox 1093 903 1169 964; x_wconf 77' lang='lat' dir='ltr'><strong>Bra.</strong></span> <span class='ocrx_word' id='word_1_57' title='bbox 1213 902 1285 963; x_wconf 83' lang='lat' dir='ltr'>Idem</span> <span class='ocrx_word' id='word_1_58' title='bbox 1333 930 1337 964; x_wconf 81' lang='lat' dir='ltr'><strong>t</strong></span> 
     </span>
     <span class='ocr_line' id='line_1_8' title="bbox 200 984 1337 1051; baseline -0.001 -2"><span class='ocrx_word' id='word_1_59' title='bbox 200 984 505 1051; x_wconf 74' lang='lat' dir='ltr'><strong>fecitb&#39;cbmiedesus.</strong></span> <span class='ocrx_word' id='word_1_60' title='bbox 552 985 612 1044; x_wconf 86' lang='lat' dir='ltr'><strong>Sed</strong></span> <span class='ocrx_word' id='word_1_61' title='bbox 628 1007 693 1044; x_wconf 88' lang='lat' dir='ltr'><strong>non</strong></span> <span class='ocrx_word' id='word_1_62' title='bbox 721 985 813 1045; x_wconf 87' lang='lat' dir='ltr'><strong>aliam</strong></span> <span class='ocrx_word' id='word_1_63' title='bbox 832 985 1285 1048; x_wconf 80' lang='lat' dir='ltr'><strong>videocaassamaBelinoal-</strong></span> <span class='ocrx_word' id='word_1_64' title='bbox 1334 1016 1337 1048; x_wconf 78' lang='lat'><strong>.</strong></span> 
     </span>
     <span class='ocr_line' id='line_1_9' title="bbox 202 1068 1337 1150; baseline -0.004 -16"><span class='ocrx_word' id='word_1_65' title='bbox 202 1072 289 1144; x_wconf 84' lang='lat' dir='ltr'><strong>ferri,</strong></span> <span class='ocrx_word' id='word_1_66' title='bbox 315 1090 407 1150; x_wconf 89' lang='lat' dir='ltr'><strong>quam</strong></span> <span class='ocrx_word' id='word_1_67' title='bbox 424 1069 509 1150; x_wconf 90' lang='lat' dir='ltr'><strong>quod</strong></span> <span class='ocrx_word' id='word_1_68' title='bbox 523 1091 570 1148; x_wconf 86' lang='lat' dir='ltr'><strong>ea,</strong></span> <span class='ocrx_word' id='word_1_69' title='bbox 595 1089 674 1150; x_wconf 87' lang='lat' dir='ltr'><strong>quae</strong></span> <span class='ocrx_word' id='word_1_70' title='bbox 692 1069 729 1130; x_wconf 88' lang='lat' dir='ltr'><strong>de</strong></span> <span class='ocrx_word' id='word_1_71' title='bbox 742 1068 907 1149; x_wconf 87' lang='lat' dir='ltr'><strong>Dionysio</strong></span> <span class='ocrx_word' id='word_1_72' title='bbox 922 1084 1097 1149; x_wconf 87' lang='lat' dir='ltr'><strong>sequantur</strong></span> <span class='ocrx_word' id='word_1_73' title='bbox 1112 1068 1212 1148; x_wconf 88' lang='lat' dir='ltr'><strong>dicta,</strong></span> <span class='ocrx_word' id='word_1_74' title='bbox 1233 1090 1286 1131; x_wconf 87' lang='lat' dir='ltr'><strong>non</strong></span> <span class='ocrx_word' id='word_1_75' title='bbox 1316 1094 1337 1107; x_wconf 66' lang='grc'><strong>·’</strong></span> 
     </span>
     <span class='ocr_line' id='line_1_10' title="bbox 204 1149 1289 1236; baseline 0.002 -21"><span class='ocrx_word' id='word_1_76' title='bbox 204 1157 243 1217; x_wconf 87' lang='lat' dir='ltr'><strong>ad</strong></span> <span class='ocrx_word' id='word_1_77' title='bbox 268 1149 538 1236; x_wconf 77' lang='lat' dir='ltr'><strong>pulchritudinis,</strong></span> <span class='ocrx_word' id='word_1_78' title='bbox 570 1154 625 1212; x_wconf 87' lang='lat' dir='ltr'><strong>sed</strong></span> <span class='ocrx_word' id='word_1_79' title='bbox 646 1153 685 1212; x_wconf 86' lang='lat' dir='ltr'><strong>ad</strong></span> <span class='ocrx_word' id='word_1_80' title='bbox 708 1152 891 1230; x_wconf 87' lang='lat' dir='ltr'><strong>doctrinae,</strong></span> <span class='ocrx_word' id='word_1_81' title='bbox 919 1151 1045 1214; x_wconf 88' lang='lat' dir='ltr'><strong>laudem</strong></span> <span class='ocrx_word' id='word_1_82' title='bbox 1068 1153 1184 1214; x_wconf 86' lang='lat' dir='ltr'><strong>referri</strong></span> <span class='ocrx_word' id='word_1_83' title='bbox 1208 1154 1289 1217; x_wconf 80' lang='lat' dir='ltr'><strong>debs-</strong></span> 
     </span>
     <span class='ocr_line' id='line_1_11' title="bbox 203 1234 1289 1320; baseline -0.006 -17"><span class='ocrx_word' id='word_1_84' title='bbox 203 1255 269 1303; x_wconf 82' lang='lat' dir='ltr'><strong>ant.</strong></span> <span class='ocrx_word' id='word_1_85' title='bbox 315 1235 410 1318; x_wconf 84' lang='lat' dir='ltr'><strong>Quod</strong></span> <span class='ocrx_word' id='word_1_86' title='bbox 426 1258 514 1297; x_wconf 90' lang='lat' dir='ltr'><strong>secus</strong></span> <span class='ocrx_word' id='word_1_87' title='bbox 536 1252 592 1298; x_wconf 88' lang='lat' dir='ltr'><strong>est.</strong></span> <span class='ocrx_word' id='word_1_88' title='bbox 638 1237 803 1320; x_wconf 85' lang='lat' dir='ltr'><strong>Cogitavit</strong></span> <span class='ocrx_word' id='word_1_89' title='bbox 823 1251 934 1296; x_wconf 86' lang='lat' dir='ltr'><strong>auctor</strong></span> <span class='ocrx_word' id='word_1_90' title='bbox 950 1234 989 1297; x_wconf 87' lang='lat' dir='ltr'><strong>de</strong></span> <span class='ocrx_word' id='word_1_91' title='bbox 1009 1237 1205 1316; x_wconf 88' lang='lat' dir='ltr'><strong>Dionysiis,</strong></span> <span class='ocrx_word' id='word_1_92' title='bbox 1236 1258 1289 1300; x_wconf 84' lang='lat' dir='ltr'><strong>uon</strong></span> 
     </span>
     <span class='ocr_line' id='line_1_12' title="bbox 203 1318 1317 1404; baseline -0.001 -21"><span class='ocrx_word' id='word_1_93' title='bbox 203 1323 242 1383; x_wconf 88' lang='lat' dir='ltr'><strong>de</strong></span> <span class='ocrx_word' id='word_1_94' title='bbox 257 1321 422 1400; x_wconf 86' lang='lat' dir='ltr'><strong>Dionysio</strong></span> <span class='ocrx_word' id='word_1_95' title='bbox 444 1321 505 1382; x_wconf 87' lang='lat' dir='ltr'><strong>isto</strong></span> <span class='ocrx_word' id='word_1_96' title='bbox 530 1326 599 1381; x_wconf 89' lang='lat' dir='ltr'><strong>solo</strong></span> <span class='ocrx_word' id='word_1_97' title='bbox 608 1364 619 1394; x_wconf 90' lang='lat'><strong>,</strong></span> <span class='ocrx_word' id='word_1_98' title='bbox 643 1327 733 1402; x_wconf 87' lang='lat' dir='ltr'><strong>cujus</strong></span> <span class='ocrx_word' id='word_1_99' title='bbox 757 1320 912 1380; x_wconf 85' lang='lat' dir='ltr'><strong>invidiam</strong></span> <span class='ocrx_word' id='word_1_100' title='bbox 926 1320 1030 1380; x_wconf 85' lang='lat' dir='ltr'><strong>movit</strong></span> <span class='ocrx_word' id='word_1_101' title='bbox 1042 1319 1219 1382; x_wconf 80' lang='lat' dir='ltr'>Philoxeni</span> <span class='ocrx_word' id='word_1_102' title='bbox 1233 1344 1290 1404; x_wconf 83' lang='lat' dir='ltr'><strong>pet·</strong></span> <span class='ocrx_word' id='word_1_103' title='bbox 1311 1318 1317 1329; x_wconf 84' lang='grc'><strong>’</strong></span> 
     </span>
     <span class='ocr_line' id='line_1_13' title="bbox 200 1405 1291 1493; baseline 0 -27"><span class='ocrx_word' id='word_1_104' title='bbox 200 1407 293 1467; x_wconf 82' lang='lat' dir='ltr'><strong>tloax</strong></span> <span class='ocrx_word' id='word_1_105' title='bbox 308 1405 472 1468; x_wconf 73' lang='lat' dir='ltr'><strong>veracitas.</strong></span> <span class='ocrx_word' id='word_1_106' title='bbox 518 1407 560 1465; x_wconf 86' lang='lat' dir='ltr'><strong>Et</strong></span> <span class='ocrx_word' id='word_1_107' title='bbox 575 1407 700 1493; x_wconf 61' lang='lat' dir='ltr'><strong>annueri</strong></span> <span class='ocrx_word' id='word_1_108' title='bbox 721 1405 778 1466; x_wconf 90' lang='lat' dir='ltr'><strong>illo</strong></span> <span class='ocrx_word' id='word_1_109' title='bbox 798 1408 944 1485; x_wconf 84' lang='lat' dir='ltr'><strong>exemplo</strong></span> <span class='ocrx_word' id='word_1_110' title='bbox 962 1405 1088 1486; x_wconf 90' lang='lat' dir='ltr'><strong>potuit,</strong></span> <span class='ocrx_word' id='word_1_111' title='bbox 1114 1407 1291 1489; x_wconf 84' lang='lat' dir='ltr'><strong>quicunque</strong></span> 
     </span>
     <span class='ocr_line' id='line_1_14' title="bbox 200 1488 1337 1572; baseline 0 -22"><span class='ocrx_word' id='word_1_112' title='bbox 200 1512 267 1553; x_wconf 81' lang='lat' dir='ltr'><strong>rem</strong></span> <span class='ocrx_word' id='word_1_113' title='bbox 280 1490 410 1553; x_wconf 87' lang='lat' dir='ltr'><strong>haberet</strong></span> <span class='ocrx_word' id='word_1_114' title='bbox 423 1511 491 1548; x_wconf 89' lang='lat' dir='ltr'><strong>cum</strong></span> <span class='ocrx_word' id='word_1_115' title='bbox 509 1494 728 1570; x_wconf 84' lang='lat' dir='ltr'><strong>cujuscunque</strong></span> <span class='ocrx_word' id='word_1_116' title='bbox 741 1490 865 1572; x_wconf 83' lang='lat' dir='ltr'><strong>generis</strong></span> <span class='ocrx_word' id='word_1_117' title='bbox 883 1489 1021 1548; x_wconf 86' lang='lat' dir='ltr'><strong>dominis</strong></span> <span class='ocrx_word' id='word_1_118' title='bbox 1036 1488 1238 1562; x_wconf 85' lang='lat' dir='ltr'><strong>ambitiosis,</strong></span> <span class='ocrx_word' id='word_1_119' title='bbox 1259 1490 1293 1551; x_wconf 80' lang='lat' dir='ltr'><strong>si.</strong></span> <span class='ocrx_word' id='word_1_120' title='bbox 1334 1516 1337 1521; x_wconf 90' lang='lat'>·</span> 
     </span>
     <span class='ocr_line' id='line_1_15' title="bbox 201 1571 1292 1654; baseline 0.001 -20"><span class='ocrx_word' id='word_1_121' title='bbox 201 1595 241 1636; x_wconf 80' lang='lat' dir='ltr'><strong>ve</strong></span> <span class='ocrx_word' id='word_1_122' title='bbox 256 1574 430 1648; x_wconf 87' lang='lat' dir='ltr'><strong>doctrinae,</strong></span> <span class='ocrx_word' id='word_1_123' title='bbox 454 1574 521 1634; x_wconf 85' lang='lat' dir='ltr'><strong>sive</strong></span> <span class='ocrx_word' id='word_1_124' title='bbox 535 1571 803 1652; x_wconf 77' lang='lat' dir='ltr'><strong>pulchritudinis,</strong></span> <span class='ocrx_word' id='word_1_125' title='bbox 826 1574 894 1635; x_wconf 86' lang='lat' dir='ltr'><strong>sive</strong></span> <span class='ocrx_word' id='word_1_126' title='bbox 908 1575 989 1631; x_wconf 87' lang='lat' dir='ltr'><strong>alius</strong></span> <span class='ocrx_word' id='word_1_127' title='bbox 1004 1577 1229 1654; x_wconf 85' lang='lat' dir='ltr'><strong>cujuscunque</strong></span> <span class='ocrx_word' id='word_1_128' title='bbox 1244 1572 1292 1635; x_wconf 87' lang='lat' dir='ltr'><strong>do·</strong></span> 
     </span>
     <span class='ocr_line' id='line_1_16' title="bbox 201 1655 1292 1738; baseline 0.001 -20"><span class='ocrx_word' id='word_1_129' title='bbox 201 1658 261 1736; x_wconf 91' lang='lat' dir='ltr'><strong>tis,</strong></span> <span class='ocrx_word' id='word_1_130' title='bbox 291 1658 480 1734; x_wconf 84' lang='lat' dir='ltr'><strong>virtutisve,</strong></span> <span class='ocrx_word' id='word_1_131' title='bbox 517 1655 641 1717; x_wconf 88' lang='lat' dir='ltr'><strong>laudem</strong></span> <span class='ocrx_word' id='word_1_132' title='bbox 670 1673 844 1738; x_wconf 79' lang='lat' dir='ltr'><strong>captarent.</strong></span> <span class='ocrx_word' id='word_1_133' title='bbox 896 1655 1196 1723; x_wconf 81' lang='lat' dir='ltr'><strong>Oinninoliberior</strong></span> <span class='ocrx_word' id='word_1_134' title='bbox 1220 1657 1292 1722; x_wconf 90' lang='lat' dir='ltr'><strong>h.l.</strong></span> 
     </span>
     <span class='ocr_line' id='line_1_17' title="bbox 203 1739 1322 1826; baseline -0.002 -23"><span class='ocrx_word' id='word_1_135' title='bbox 203 1757 267 1820; x_wconf 84' lang='lat' dir='ltr'><strong>est,</strong></span> <span class='ocrx_word' id='word_1_136' title='bbox 298 1757 336 1801; x_wconf 90' lang='lat' dir='ltr'><strong>nt</strong></span> <span class='ocrx_word' id='word_1_137' title='bbox 363 1739 439 1799; x_wconf 92' lang='lat' dir='ltr'><strong>alibi</strong></span> <span class='ocrx_word' id='word_1_138' title='bbox 462 1762 592 1824; x_wconf 89' lang='lat' dir='ltr'><strong>quoque</strong></span> <span class='ocrx_word' id='word_1_139' title='bbox 617 1741 794 1818; x_wconf 88' lang='lat' dir='ltr'><strong>interdum,</strong></span> <span class='ocrx_word' id='word_1_140' title='bbox 824 1741 963 1801; x_wconf 84' lang='lat' dir='ltr'><strong>auctoris</strong></span> <span class='ocrx_word' id='word_1_141' title='bbox 986 1745 1100 1820; x_wconf 86' lang='lat' dir='ltr'><strong>stylus.</strong></span> <span class='ocrx_word' id='word_1_142' title='bbox 1149 1741 1294 1826; x_wconf 82' lang='lat' dir='ltr'><strong>Quodsi</strong></span> <span class='ocrx_word' id='word_1_143' title='bbox 1319 1748 1322 1753; x_wconf 57' lang='lat'><strong>⁴</strong></span> 
     </span>
     <span class='ocr_line' id='line_1_18' title="bbox 201 1825 1297 1908; baseline 0.001 -22"><span class='ocrx_word' id='word_1_144' title='bbox 201 1848 269 1886; x_wconf 87' lang='lat' dir='ltr'><strong>non</strong></span> <span class='ocrx_word' id='word_1_145' title='bbox 290 1825 460 1885; x_wconf 82' lang='lat' dir='ltr'><strong>manifesto</strong></span> <span class='ocrx_word' id='word_1_146' title='bbox 480 1839 662 1907; x_wconf 83' lang='lat' dir='ltr'>appareret,</span> <span class='ocrx_word' id='word_1_147' title='bbox 686 1831 810 1886; x_wconf 88' lang='lat' dir='ltr'><strong>mallem</strong></span> <span class='ocrx_word' id='word_1_148' title='bbox 833 1846 893 1908; x_wconf 84' lang='lat' dir='ltr'><strong>ego</strong></span> <span class='ocrx_word' id='word_1_149' title='bbox 910 1845 963 1900; x_wconf 87' lang='lat' dir='ltr'><strong>ea,</strong></span> <span class='ocrx_word' id='word_1_150' title='bbox 989 1845 1070 1906; x_wconf 88' lang='lat' dir='ltr'><strong>quae</strong></span> <span class='ocrx_word' id='word_1_151' title='bbox 1086 1825 1226 1886; x_wconf 82' lang='lat' dir='ltr'><strong>inferius</strong></span> <span class='ocrx_word' id='word_1_152' title='bbox 1249 1825 1297 1887; x_wconf 89' lang='lat' dir='ltr'><strong>ad·</strong></span> 
     </span>
     <span class='ocr_line' id='line_1_19' title="bbox 202 1907 1298 1994; baseline 0.002 -24"><span class='ocrx_word' id='word_1_153' title='bbox 202 1931 283 1970; x_wconf 85' lang='lat' dir='ltr'><strong>nexa</strong></span> <span class='ocrx_word' id='word_1_154' title='bbox 296 1923 388 1985; x_wconf 86' lang='lat' dir='ltr'><strong>sunt,</strong></span> <span class='ocrx_word' id='word_1_155' title='bbox 412 1908 526 1970; x_wconf 83' lang='lat' dir='ltr'><strong>verba:</strong></span> <span class='ocrx_word' id='word_1_156' title='bbox 549 1907 603 1992; x_wconf 78' lang='grc' dir='ltr'><strong>χρὴ</strong></span> <span class='ocrx_word' id='word_1_157' title='bbox 620 1912 653 1974; x_wconf 76' lang='grc' dir='ltr'><strong>δὲ</strong></span> <span class='ocrx_word' id='word_1_158' title='bbox 668 1912 718 1975; x_wconf 83' lang='grc' dir='ltr'><strong>καὶ</strong></span> <span class='ocrx_word' id='word_1_159' title='bbox 733 1908 853 1989; x_wconf 80' lang='grc' dir='ltr'><em>σαφοῦς</em></span> <span class='ocrx_word' id='word_1_160' title='bbox 867 1944 907 1957; x_wconf 86' lang='grc'>-</span> <span class='ocrx_word' id='word_1_161' title='bbox 922 1907 1002 1972; x_wconf 81' lang='lat' dir='ltr'><strong>adrat</strong></span> <span class='ocrx_word' id='word_1_162' title='bbox 1015 1911 1126 1994; x_wconf 76' lang='grc' dir='ltr'><em>λέγειν,</em></span> <span class='ocrx_word' id='word_1_163' title='bbox 1144 1931 1210 1993; x_wconf 74' lang='lat' dir='ltr'><strong>pro</strong></span> <span class='ocrx_word' id='word_1_164' title='bbox 1225 1911 1298 1972; x_wconf 79' lang='lat' dir='ltr'><strong>alie·</strong></span> 
     </span>
     <span class='ocr_line' id='line_1_20' title="bbox 140 1993 1147 2060; baseline -0.008 -2"><span class='ocrx_word' id='word_1_165' title='bbox 140 2029 143 2034; x_wconf 94' lang='lat'>·</span> <span class='ocrx_word' id='word_1_166' title='bbox 203 1993 395 2060; x_wconf 85' lang='lat' dir='ltr'><strong>nishabere.</strong></span> <span class='ocrx_word' id='word_1_167' title='bbox 440 1993 502 2055; x_wconf 86' lang='lat' dir='ltr'><strong>Sed</strong></span> <span class='ocrx_word' id='word_1_168' title='bbox 527 2008 618 2055; x_wconf 87' lang='lat' dir='ltr'><strong>caute</strong></span> <span class='ocrx_word' id='word_1_169' title='bbox 635 1993 813 2057; x_wconf 87' lang='lat' dir='ltr'><strong>abstinebo.</strong></span> <span class='ocrx_word' id='word_1_170' title='bbox 835 1996 952 2054; x_wconf 78' lang='lat' dir='ltr'><strong>Lassus.</strong></span> <span class='ocrx_word' id='word_1_171' title='bbox 1145 2007 1147 2010; x_wconf 54' lang='lat'><strong>⁴</strong></span> 
     </span>
     <span class='ocr_line' id='line_1_21' title="bbox 222 2069 1302 2161; baseline -0.003 -18"><span class='ocrx_word' id='word_1_172' title='bbox 222 2147 224 2149; x_wconf 69' lang='grc'><strong>,</strong></span> <span class='ocrx_word' id='word_1_173' title='bbox 286 2069 364 2143; x_wconf 75' lang='lat' dir='ltr'><strong>Eat.</strong></span> <span class='ocrx_word' id='word_1_174' title='bbox 378 2083 401 2138; x_wconf 89' lang='lat'><strong>1.</strong></span> <span class='ocrx_word' id='word_1_175' title='bbox 416 2085 467 2144; x_wconf 84' lang='lat' dir='ltr'><strong>tl·</strong></span> <span class='ocrx_word' id='word_1_176' title='bbox 486 2073 644 2156; x_wconf 76' lang='grc' dir='ltr'><strong>Ἀκούειν)</strong></span> <span class='ocrx_word' id='word_1_177' title='bbox 666 2080 800 2138; x_wconf 77' lang='lat' dir='ltr'>Prorsus</span> <span class='ocrx_word' id='word_1_178' title='bbox 825 2092 862 2136; x_wconf 90' lang='lat' dir='ltr'><strong>nt</strong></span> <span class='ocrx_word' id='word_1_179' title='bbox 882 2078 1012 2155; x_wconf 90' lang='lat' dir='ltr'><strong>Latini,</strong></span> <span class='ocrx_word' id='word_1_180' title='bbox 1037 2078 1140 2139; x_wconf 80' lang='lat' dir='ltr'><strong>ausiire</strong></span> <span class='ocrx_word' id='word_1_181' title='bbox 1157 2100 1219 2161; x_wconf 88' lang='lat' dir='ltr'><strong>pro</strong></span> <span class='ocrx_word' id='word_1_182' title='bbox 1241 2100 1302 2140; x_wconf 90' lang='lat' dir='ltr'><strong>no·</strong></span> 
     </span>
     <span class='ocr_line' id='line_1_22' title="bbox 201 2159 1301 2245; baseline 0.003 -23"><span class='ocrx_word' id='word_1_183' title='bbox 201 2163 326 2226; x_wconf 84' lang='lat' dir='ltr'><strong>minari.</strong></span> <span class='ocrx_word' id='word_1_184' title='bbox 350 2163 400 2221; x_wconf 85' lang='lat' dir='ltr'><strong>Ita</strong></span> <span class='ocrx_word' id='word_1_185' title='bbox 416 2176 447 2223; x_wconf 88' lang='lat' dir='ltr'><strong>et</strong></span> <span class='ocrx_word' id='word_1_186' title='bbox 463 2161 530 2222; x_wconf 82' lang='lat' dir='ltr'><strong>bene</strong></span> <span class='ocrx_word' id='word_1_187' title='bbox 546 2163 649 2224; x_wconf 82' lang='lat' dir='ltr'><strong>audire</strong></span> <span class='ocrx_word' id='word_1_188' title='bbox 663 2163 760 2245; x_wconf 75' lang='lat' dir='ltr'><strong>Epict-</strong></span> <span class='ocrx_word' id='word_1_189' title='bbox 774 2166 859 2225; x_wconf 87' lang='lat' dir='ltr'><strong>Sent.</strong></span> <span class='ocrx_word' id='word_1_190' title='bbox 873 2170 904 2229; x_wconf 87' lang='lat'><strong>7.</strong></span> <span class='ocrx_word' id='word_1_191' title='bbox 927 2172 1024 2237; x_wconf 75' lang='grc' dir='ltr'><em>καλῶς</em></span> <span class='ocrx_word' id='word_1_192' title='bbox 1039 2159 1170 2228; x_wconf 70' lang='grc' dir='ltr'><em>ἀκούειν.</em></span> <span class='ocrx_word' id='word_1_193' title='bbox 1194 2163 1301 2226; x_wconf 85' lang='lat' dir='ltr'><strong>Ndstes·</strong></span> 
     </span>
     <span class='ocr_line' id='line_1_23' title="bbox 201 2241 1300 2329; baseline 0.008 -24"><span class='ocrx_word' id='word_1_194' title='bbox 201 2247 236 2306; x_wconf 86' lang='lat' dir='ltr'><strong>in</strong></span> <span class='ocrx_word' id='word_1_195' title='bbox 254 2245 412 2307; x_wconf 88' lang='lat' dir='ltr'><strong>Prometh.</strong></span> <span class='ocrx_word' id='word_1_196' title='bbox 431 2245 502 2326; x_wconf 88' lang='lat' dir='ltr'><strong>ipso</strong></span> <span class='ocrx_word' id='word_1_197' title='bbox 521 2247 683 2329; x_wconf 89' lang='lat' dir='ltr'><strong>principio</strong></span> <span class='ocrx_word' id='word_1_198' title='bbox 700 2241 768 2311; x_wconf 79' lang='grc' dir='ltr'>οὐδ’</span> <span class='ocrx_word' id='word_1_199' title='bbox 796 2245 958 2326; x_wconf 79' lang='grc' dir='ltr'><em>ἆναίνομαι</em></span> <span class='ocrx_word' id='word_1_200' title='bbox 977 2246 1199 2328; x_wconf 72' lang='grc' dir='ltr'><em>πηλοπλάθονς</em></span> <span class='ocrx_word' id='word_1_201' title='bbox 1214 2245 1300 2313; x_wconf 72' lang='lat' dir='ltr'><strong>duod·</strong></span> 
     </span>
     <span class='ocr_line' id='line_1_24' title="bbox 203 2331 1302 2416; baseline -0.002 -20"><span class='ocrx_word' id='word_1_202' title='bbox 203 2351 259 2396; x_wconf 83' lang='grc' dir='ltr'><em>ειν·</em></span> <span class='ocrx_word' id='word_1_203' title='bbox 283 2336 375 2412; x_wconf 88' lang='lat' dir='ltr'><strong>plura</strong></span> <span class='ocrx_word' id='word_1_204' title='bbox 387 2331 482 2395; x_wconf 87' lang='lat' dir='ltr'><strong>simil.</strong></span> <span class='ocrx_word' id='word_1_205' title='bbox 502 2331 579 2394; x_wconf 75' lang='lat' dir='ltr'><strong>iens.</strong></span> <span class='ocrx_word' id='word_1_206' title='bbox 594 2334 698 2393; x_wconf 89' lang='lat' dir='ltr'><strong>Lectt.</strong></span> <span class='ocrx_word' id='word_1_207' title='bbox 714 2333 797 2394; x_wconf 87' lang='lat' dir='ltr'><strong>Luc.</strong></span> <span class='ocrx_word' id='word_1_208' title='bbox 814 2353 847 2415; x_wconf 82' lang='lat' dir='ltr'><strong>p·</strong></span> <span class='ocrx_word' id='word_1_209' title='bbox 863 2341 937 2399; x_wconf 70' lang='lat'><strong>27²2.</strong></span> <span class='ocrx_word' id='word_1_210' title='bbox 954 2352 1019 2416; x_wconf 89' lang='lat' dir='ltr'><strong>seq.</strong></span> <span class='ocrx_word' id='word_1_211' title='bbox 1034 2333 1093 2390; x_wconf 87' lang='lat' dir='ltr'><strong>ubi</strong></span> <span class='ocrx_word' id='word_1_212' title='bbox 1108 2336 1226 2393; x_wconf 87' lang='lat' dir='ltr'><strong>multas</strong></span> <span class='ocrx_word' id='word_1_213' title='bbox 1238 2332 1302 2395; x_wconf 86' lang='lat' dir='ltr'><strong>dio·</strong></span> 
     </span>
     <span class='ocr_line' id='line_1_25' title="bbox 201 2415 1152 2500; baseline 0.002 -24"><span class='ocrx_word' id='word_1_214' title='bbox 201 2415 309 2478; x_wconf 87' lang='lat' dir='ltr'><strong>tiones</strong></span> <span class='ocrx_word' id='word_1_215' title='bbox 323 2415 454 2477; x_wconf 85' lang='lat' dir='ltr'><strong>Graecis</strong></span> <span class='ocrx_word' id='word_1_216' title='bbox 471 2430 502 2476; x_wconf 88' lang='lat' dir='ltr'><strong>et</strong></span> <span class='ocrx_word' id='word_1_217' title='bbox 517 2416 647 2475; x_wconf 89' lang='lat' dir='ltr'><strong>Latinis</strong></span> <span class='ocrx_word' id='word_1_218' title='bbox 665 2438 846 2478; x_wconf 87' lang='lat' dir='ltr'><strong>communes</strong></span> <span class='ocrx_word' id='word_1_219' title='bbox 864 2417 1004 2500; x_wconf 81' lang='lat' dir='ltr'><strong>collegit.</strong></span> <span class='ocrx_word' id='word_1_220' title='bbox 1028 2418 1152 2481; x_wconf 79' lang='lat' dir='ltr'><strong>Ratrz.</strong></span> 
     </span>
     <span class='ocr_line' id='line_1_26' title="bbox 204 2495 1303 2582; baseline -0.002 -23"><span class='ocrx_word' id='word_1_221' title='bbox 204 2495 215 2535; x_wconf 50' lang='lat'><strong>⁴·</strong></span> <span class='ocrx_word' id='word_1_222' title='bbox 287 2498 366 2559; x_wconf 76' lang='lat' dir='ltr'><strong>ibid.</strong></span> <span class='ocrx_word' id='word_1_223' title='bbox 395 2495 521 2577; x_wconf 75' lang='grc' dir='ltr'><em>Πήχεως</em></span> <span class='ocrx_word' id='word_1_224' title='bbox 540 2502 632 2564; x_wconf 75' lang='grc' dir='ltr'><em>ἐνίοτε</em></span> <span class='ocrx_word' id='word_1_225' title='bbox 648 2498 704 2580; x_wconf 73' lang='grc' dir='ltr'><strong>τήν</strong></span> <span class='ocrx_word' id='word_1_226' title='bbox 719 2502 788 2579; x_wconf 77' lang='grc' dir='ltr'><em>ῥῖνα</em></span> <span class='ocrx_word' id='word_1_227' title='bbox 807 2503 945 2582; x_wconf 71' lang='grc' dir='ltr'><strong>ἔχοντας)</strong></span> <span class='ocrx_word' id='word_1_228' title='bbox 967 2503 1017 2559; x_wconf 83' lang='grc' dir='ltr'><strong>Εα</strong></span> <span class='ocrx_word' id='word_1_229' title='bbox 1041 2500 1173 2560; x_wconf 82' lang='lat' dir='ltr'><strong>delicias</strong></span> <span class='ocrx_word' id='word_1_230' title='bbox 1197 2500 1303 2561; x_wconf 79' lang='lat' dir='ltr'><strong>inter.</strong></span> 
     </span>
     <span class='ocr_line' id='line_1_27' title="bbox 201 2581 1303 2668; baseline 0.002 -24"><span class='ocrx_word' id='word_1_231' title='bbox 201 2597 337 2666; x_wconf 75' lang='lat' dir='ltr'><strong>pratum.</strong></span> <span class='ocrx_word' id='word_1_232' title='bbox 360 2581 553 2660; x_wconf 74' lang='lat' dir='ltr'><strong>Benedictus,</strong></span> <span class='ocrx_word' id='word_1_233' title='bbox 576 2588 602 2643; x_wconf 89' lang='lat' dir='ltr'><strong>si</strong></span> <span class='ocrx_word' id='word_1_234' title='bbox 618 2609 700 2645; x_wconf 89' lang='lat' dir='ltr'><strong>nares</strong></span> <span class='ocrx_word' id='word_1_235' title='bbox 715 2585 838 2646; x_wconf 73' lang='lat' dir='ltr'><strong>cubitali</strong></span> <span class='ocrx_word' id='word_1_236' title='bbox 850 2585 1051 2668; x_wconf 76' lang='lat' dir='ltr'><strong>magnitudine</strong></span> <span class='ocrx_word' id='word_1_237' title='bbox 1066 2583 1183 2666; x_wconf 78' lang='lat' dir='ltr'><strong>amplas</strong></span> <span class='ocrx_word' id='word_1_238' title='bbox 1205 2586 1303 2646; x_wconf 71' lang='lat' dir='ltr'><strong>Ischa-</strong></span> 
     </span>
     <span class='ocr_line' id='line_1_28' title="bbox 201 2665 1302 2753; baseline 0.003 -25"><span class='ocrx_word' id='word_1_239' title='bbox 201 2683 262 2728; x_wconf 82' lang='lat' dir='ltr'><strong>nnt.</strong></span> <span class='ocrx_word' id='word_1_240' title='bbox 307 2665 464 2743; x_wconf 81' lang='lat' dir='ltr'><strong>Erasmus,</strong></span> <span class='ocrx_word' id='word_1_241' title='bbox 499 2672 526 2728; x_wconf 87' lang='lat' dir='ltr'><strong>si</strong></span> <span class='ocrx_word' id='word_1_242' title='bbox 545 2667 608 2729; x_wconf 75' lang='lat' dir='ltr'><strong>illis</strong></span> <span class='ocrx_word' id='word_1_243' title='bbox 633 2673 715 2729; x_wconf 82' lang='lat' dir='ltr'><strong>nan&#39;s</strong></span> <span class='ocrx_word' id='word_1_244' title='bbox 743 2694 951 2753; x_wconf 81' lang='lat' dir='ltr'><strong>nonnunquam</strong></span> <span class='ocrx_word' id='word_1_245' title='bbox 975 2669 1099 2731; x_wconf 81' lang='lat' dir='ltr'><strong>cubitali</strong></span> <span class='ocrx_word' id='word_1_246' title='bbox 1120 2670 1179 2729; x_wconf 77' lang='lat' dir='ltr'><strong>hies</strong></span> <span class='ocrx_word' id='word_1_247' title='bbox 1204 2674 1302 2753; x_wconf 74' lang='lat' dir='ltr'><strong>speon·</strong></span> 
     </span>
     <span class='ocr_line' id='line_1_29' title="bbox 201 2748 1319 2836; baseline 0.003 -26"><span class='ocrx_word' id='word_1_248' title='bbox 201 2749 268 2810; x_wconf 90' lang='lat' dir='ltr'><strong>Ubi</strong></span> <span class='ocrx_word' id='word_1_249' title='bbox 281 2763 399 2810; x_wconf 85' lang='lat' dir='ltr'><strong>tantam</strong></span> <span class='ocrx_word' id='word_1_250' title='bbox 415 2752 575 2811; x_wconf 76' lang='lat' dir='ltr'><strong>auxesin?</strong></span> <span class='ocrx_word' id='word_1_251' title='bbox 599 2769 631 2812; x_wconf 90' lang='lat' dir='ltr'><strong>et</strong></span> <span class='ocrx_word' id='word_1_252' title='bbox 645 2776 700 2812; x_wconf 86' lang='lat' dir='ltr'><strong>our</strong></span> <span class='ocrx_word' id='word_1_253' title='bbox 712 2758 833 2815; x_wconf 86' lang='lat' dir='ltr'><strong>malunt</strong></span> <span class='ocrx_word' id='word_1_254' title='bbox 847 2756 885 2815; x_wconf 90' lang='lat' dir='ltr'><strong>de</strong></span> <span class='ocrx_word' id='word_1_255' title='bbox 900 2748 974 2815; x_wconf 81' lang='lat' dir='ltr'><strong>nare</strong></span> <span class='ocrx_word' id='word_1_256' title='bbox 990 2767 1022 2816; x_wconf 88' lang='lat' dir='ltr'><strong>et</strong></span> <span class='ocrx_word' id='word_1_257' title='bbox 1035 2751 1182 2827; x_wconf 86' lang='lat' dir='ltr'><strong>naribus,</strong></span> <span class='ocrx_word' id='word_1_258' title='bbox 1209 2761 1319 2836; x_wconf 76' lang='lat' dir='ltr'><strong>quam.</strong></span> 
     </span>
     <span class='ocr_line' id='line_1_30' title="bbox 133 2833 1305 2923; baseline 0.008 -29"><span class='ocrx_word' id='word_1_259' title='bbox 133 2870 138 2881; x_wconf 54' lang='grc' dir='ltr'><em>ι</em></span> <span class='ocrx_word' id='word_1_260' title='bbox 202 2855 314 2917; x_wconf 84' lang='lat' dir='ltr'><strong>nasum</strong></span> <span class='ocrx_word' id='word_1_261' title='bbox 339 2836 524 2916; x_wconf 76' lang='lat' dir='ltr'><strong>appellate?</strong></span> <span class='ocrx_word' id='word_1_262' title='bbox 548 2837 629 2898; x_wconf 82' lang='lat' dir='ltr'><strong>Sane</strong></span> <span class='ocrx_word' id='word_1_263' title='bbox 654 2859 724 2897; x_wconf 83' lang='lat' dir='ltr'><strong>curn</strong></span> <span class='ocrx_word' id='word_1_264' title='bbox 739 2839 783 2896; x_wconf 50' lang='lat' dir='ltr'><strong>¹iu</strong></span> <span class='ocrx_word' id='word_1_265' title='bbox 807 2839 1009 2900; x_wconf 81' lang='lat' dir='ltr'><strong>Hermotimo</strong></span> <span class='ocrx_word' id='word_1_266' title='bbox 1035 2837 1114 2897; x_wconf 86' lang='lat' dir='ltr'><strong>dicit</strong></span> <span class='ocrx_word' id='word_1_267' title='bbox 1137 2833 1305 2923; x_wconf 73' lang='grc' dir='ltr'><em>ἀπέτραγεν</em></span> 
     </span>
     <span class='ocr_line' id='line_1_31' title="bbox 201 2913 1306 3005; baseline 0.001 -21"><span class='ocrx_word' id='word_1_268' title='bbox 201 2913 299 2984; x_wconf 68' lang='grc' dir='ltr'><em>αὐτοῦ</em></span> <span class='ocrx_word' id='word_1_269' title='bbox 311 2917 366 3000; x_wconf 72' lang='grc' dir='ltr'><strong>τὴν</strong></span> <span class='ocrx_word' id='word_1_270' title='bbox 380 2922 449 3000; x_wconf 66' lang='grc' dir='ltr'><em>ῥῖνα</em></span> <span class='ocrx_word' id='word_1_271' title='bbox 463 2914 479 2984; x_wconf 84' lang='lat' dir='ltr'><strong>d</strong></span> <span class='ocrx_word' id='word_1_272' title='bbox 494 2922 606 3005; x_wconf 78' lang='grc' dir='ltr'><em>γέρων,</em></span> <span class='ocrx_word' id='word_1_273' title='bbox 629 2921 783 2982; x_wconf 88' lang='lat' dir='ltr'><strong>adhibent</strong></span> <span class='ocrx_word' id='word_1_274' title='bbox 798 2943 921 2982; x_wconf 89' lang='lat' dir='ltr'><strong>nasum.</strong></span> <span class='ocrx_word' id='word_1_275' title='bbox 962 2916 1010 2981; x_wconf 83' lang='lat' dir='ltr'><strong>Et</strong></span> <span class='ocrx_word' id='word_1_276' title='bbox 1027 2944 1095 2981; x_wconf 84' lang='lat' dir='ltr'><strong>cunr</strong></span> <span class='ocrx_word' id='word_1_277' title='bbox 1113 2921 1306 3004; x_wconf 78' lang='lat' dir='ltr'><strong>simpliciter</strong></span> 
     </span>
     <span class='ocr_line' id='line_1_32' title="bbox 203 3004 1306 3088; baseline 0.001 -23"><span class='ocrx_word' id='word_1_278' title='bbox 203 3004 243 3065; x_wconf 90' lang='lat' dir='ltr'><strong>de</strong></span> <span class='ocrx_word' id='word_1_279' title='bbox 259 3024 336 3063; x_wconf 87' lang='lat' dir='ltr'><strong>casu</strong></span> <span class='ocrx_word' id='word_1_280' title='bbox 352 3005 477 3064; x_wconf 88' lang='lat' dir='ltr'><strong>narium</strong></span> <span class='ocrx_word' id='word_1_281' title='bbox 493 3006 618 3087; x_wconf 85' lang='lat' dir='ltr'><strong>aliquid</strong></span> <span class='ocrx_word' id='word_1_282' title='bbox 635 3005 769 3082; x_wconf 88' lang='lat' dir='ltr'><strong>dicunt,</strong></span> <span class='ocrx_word' id='word_1_283' title='bbox 794 3006 873 3067; x_wconf 87' lang='lat' dir='ltr'><strong>atsi</strong></span> <span class='ocrx_word' id='word_1_284' title='bbox 894 3004 972 3086; x_wconf 88' lang='lat' dir='ltr'><strong>quid</strong></span> <span class='ocrx_word' id='word_1_285' title='bbox 991 3027 1045 3086; x_wconf 89' lang='lat' dir='ltr'><strong>per</strong></span> <span class='ocrx_word' id='word_1_286' title='bbox 1062 3006 1133 3065; x_wconf 88' lang='lat' dir='ltr'><strong>illas</strong></span> <span class='ocrx_word' id='word_1_287' title='bbox 1155 3004 1306 3088; x_wconf 83' lang='lat' dir='ltr'><strong>fluxerit,</strong></span> 
     </span>
     <span class='ocr_line' id='line_1_33' title="bbox 200 3087 1306 3174; baseline 0.004 -22"><span class='ocrx_word' id='word_1_288' title='bbox 200 3089 358 3156; x_wconf 78' lang='lat' dir='ltr'><strong>Lucienus</strong></span> <span class='ocrx_word' id='word_1_289' title='bbox 376 3104 459 3150; x_wconf 86' lang='lat' dir='ltr'><strong>certe</strong></span> <span class='ocrx_word' id='word_1_290' title='bbox 472 3091 582 3170; x_wconf 88' lang='lat' dir='ltr'><strong>potuit</strong></span> <span class='ocrx_word' id='word_1_291' title='bbox 594 3105 625 3152; x_wconf 88' lang='lat' dir='ltr'><strong>et</strong></span> <span class='ocrx_word' id='word_1_292' title='bbox 640 3091 753 3151; x_wconf 87' lang='lat' dir='ltr'><strong>maluit</strong></span> <span class='ocrx_word' id='word_1_293' title='bbox 767 3088 871 3153; x_wconf 85' lang='lat' dir='ltr'><strong>dicere</strong></span> <span class='ocrx_word' id='word_1_294' title='bbox 887 3089 959 3170; x_wconf 74' lang='grc' dir='ltr'><em>αἷμα</em></span> <span class='ocrx_word' id='word_1_295' title='bbox 971 3087 1049 3154; x_wconf 77' lang='lat' dir='ltr'><strong>scald</strong></span> <span class='ocrx_word' id='word_1_296' title='bbox 1066 3091 1099 3154; x_wconf 78' lang='grc' dir='ltr'><strong>ἐκ</strong></span> <span class='ocrx_word' id='word_1_297' title='bbox 1113 3092 1210 3167; x_wconf 75' lang='lat' dir='ltr'><strong>dassia</strong></span> <span class='ocrx_word' id='word_1_298' title='bbox 1225 3091 1306 3174; x_wconf 76' lang='grc' dir='ltr'><em>ῥυὲν,</em></span> 
     </span>
     <span class='ocr_line' id='line_1_34' title="bbox 201 3172 1308 3257; baseline 0.005 -24"><span class='ocrx_word' id='word_1_299' title='bbox 201 3172 302 3233; x_wconf 86' lang='lat' dir='ltr'><strong>initio</strong></span> <span class='ocrx_word' id='word_1_300' title='bbox 320 3172 475 3234; x_wconf 75' lang='lat' dir='ltr'><strong>conscrib.</strong></span> <span class='ocrx_word' id='word_1_301' title='bbox 492 3173 569 3236; x_wconf 84' lang='lat' dir='ltr'><strong>hist.</strong></span> <span class='ocrx_word' id='word_1_302' title='bbox 592 3174 654 3236; x_wconf 86' lang='lat' dir='ltr'><strong>Sed</strong></span> <span class='ocrx_word' id='word_1_303' title='bbox 668 3191 704 3234; x_wconf 89' lang='lat' dir='ltr'><strong>us</strong></span> <span class='ocrx_word' id='word_1_304' title='bbox 718 3196 805 3234; x_wconf 89' lang='lat' dir='ltr'><strong>nunc</strong></span> <span class='ocrx_word' id='word_1_305' title='bbox 819 3177 885 3253; x_wconf 69' lang='lat' dir='ltr'><strong>dlv,</strong></span> <span class='ocrx_word' id='word_1_306' title='bbox 908 3176 953 3234; x_wconf 87' lang='lat' dir='ltr'><strong>ita</strong></span> <span class='ocrx_word' id='word_1_307' title='bbox 970 3175 1065 3236; x_wconf 88' lang='lat' dir='ltr'><strong>etiam</strong></span> <span class='ocrx_word' id='word_1_308' title='bbox 1081 3180 1178 3257; x_wconf 57' lang='grc' dir='ltr'><strong><em>πῆχυς</em></strong></span> <span class='ocrx_word' id='word_1_309' title='bbox 1193 3176 1230 3235; x_wconf 83' lang='lat' dir='ltr'><strong>in</strong></span> <span class='ocrx_word' id='word_1_310' title='bbox 1243 3175 1308 3239; x_wconf 83' lang='lat' dir='ltr'><strong>La·</strong></span> 
     </span>
     <span class='ocr_line' id='line_1_35' title="bbox 203 3255 1306 3343; baseline 0.002 -23"><span class='ocrx_word' id='word_1_311' title='bbox 203 3262 293 3320; x_wconf 83' lang='lat' dir='ltr'><strong>aiano</strong></span> <span class='ocrx_word' id='word_1_312' title='bbox 311 3255 422 3317; x_wconf 89' lang='lat' dir='ltr'><strong>iisdem</strong></span> <span class='ocrx_word' id='word_1_313' title='bbox 435 3257 533 3318; x_wconf 87' lang='lat' dir='ltr'><strong>risum</strong></span> <span class='ocrx_word' id='word_1_314' title='bbox 547 3257 697 3341; x_wconf 87' lang='lat' dir='ltr'><strong>praebere</strong></span> <span class='ocrx_word' id='word_1_315' title='bbox 713 3258 836 3327; x_wconf 83' lang='lat' dir='ltr'><strong>debuit.</strong></span> <span class='ocrx_word' id='word_1_316' title='bbox 879 3259 962 3320; x_wconf 81' lang='lat' dir='ltr'><strong>Nasu</strong></span> <span class='ocrx_word' id='word_1_317' title='bbox 980 3259 1012 3316; x_wconf 90' lang='lat' dir='ltr'><strong>in</strong></span> <span class='ocrx_word' id='word_1_318' title='bbox 1026 3257 1156 3343; x_wconf 83' lang='lat' dir='ltr'><strong>dialogo</strong></span> <span class='ocrx_word' id='word_1_319' title='bbox 1171 3260 1306 3322; x_wconf 82' lang='lat' dir='ltr'><strong>Veneris</strong></span> 
     </span>
     <span class='ocr_line' id='line_1_36' title="bbox 202 3340 1309 3422; baseline 0.006 -22"><span class='ocrx_word' id='word_1_320' title='bbox 202 3355 234 3405; x_wconf 86' lang='lat' dir='ltr'><strong>et</strong></span> <span class='ocrx_word' id='word_1_321' title='bbox 254 3340 444 3422; x_wconf 79' lang='lat' dir='ltr'><strong>Cupidinis,</strong></span> <span class='ocrx_word' id='word_1_322' title='bbox 469 3363 539 3401; x_wconf 87' lang='lat' dir='ltr'><strong>cum</strong></span> <span class='ocrx_word' id='word_1_323' title='bbox 555 3341 704 3404; x_wconf 88' lang='lat' dir='ltr'><strong>scriberet</strong></span> <span class='ocrx_word' id='word_1_324' title='bbox 717 3365 756 3403; x_wconf 86' lang='lat' dir='ltr'><strong>ex</strong></span> <span class='ocrx_word' id='word_1_325' title='bbox 766 3343 900 3405; x_wconf 81' lang='lat' dir='ltr'><strong>Veneris</strong></span> <span class='ocrx_word' id='word_1_326' title='bbox 923 3365 977 3404; x_wconf 88' lang='lat' dir='ltr'><strong>ore</strong></span> <span class='ocrx_word' id='word_1_327' title='bbox 993 3341 1165 3416; x_wconf 77' lang='lat' dir='ltr'><strong>Lucienus,</strong></span> <span class='ocrx_word' id='word_1_328' title='bbox 1187 3347 1221 3409; x_wconf 77' lang='lat' dir='ltr'><strong>oi</strong></span> <span class='ocrx_word' id='word_1_329' title='bbox 1236 3350 1309 3408; x_wconf 84' lang='lat' dir='ltr'><strong>Ko-</strong></span> 
     </span>
     <span class='ocr_line' id='line_1_37' title="bbox 204 3419 1309 3510; baseline 0.001 -23"><span class='ocrx_word' id='word_1_330' title='bbox 204 3423 350 3510; x_wconf 79' lang='grc' dir='ltr'><em>ρύβαννες</em></span> <span class='ocrx_word' id='word_1_331' title='bbox 364 3428 409 3502; x_wconf 74' lang='grc' dir='ltr'><strong>δὲ,</strong></span> <span class='ocrx_word' id='word_1_332' title='bbox 433 3419 519 3506; x_wconf 76' lang='grc' dir='ltr'><strong>ὃμὲν</strong></span> <span class='ocrx_word' id='word_1_333' title='bbox 534 3421 633 3490; x_wconf 77' lang='lat' dir='ltr'><strong>abacis</strong></span> <span class='ocrx_word' id='word_1_334' title='bbox 653 3429 785 3507; x_wconf 74' lang='grc' dir='ltr'><em>τέμνεται</em></span> <span class='ocrx_word' id='word_1_335' title='bbox 799 3431 879 3507; x_wconf 76' lang='grc' dir='ltr'><strong>ξίφει</strong></span> <span class='ocrx_word' id='word_1_336' title='bbox 899 3423 951 3492; x_wconf 77' lang='grc' dir='ltr'><strong>τόν</strong></span> <span class='ocrx_word' id='word_1_337' title='bbox 972 3434 1090 3509; x_wconf 78' lang='grc' dir='ltr'><em>πῆχυν,</em></span> <span class='ocrx_word' id='word_1_338' title='bbox 1111 3427 1233 3490; x_wconf 89' lang='lat' dir='ltr'><strong>Latine</strong></span> <span class='ocrx_word' id='word_1_339' title='bbox 1256 3427 1309 3488; x_wconf 88' lang='lat' dir='ltr'><strong>di-</strong></span> 
     </span>
     <span class='ocr_line' id='line_1_38' title="bbox 160 3508 1307 3596; baseline 0.005 -28"><span class='ocrx_word' id='word_1_340' title='bbox 160 3585 161 3588; x_wconf 66' lang='lat'><strong>,</strong></span> <span class='ocrx_word' id='word_1_341' title='bbox 203 3509 255 3569; x_wconf 76' lang='lat' dir='ltr'><strong>xit</strong></span> <span class='ocrx_word' id='word_1_342' title='bbox 277 3509 433 3586; x_wconf 83' lang='lat' dir='ltr'><strong>Erasmus,</strong></span> <span class='ocrx_word' id='word_1_343' title='bbox 460 3508 658 3596; x_wconf 72' lang='lat' dir='ltr'><strong>Corybantum</strong></span> <span class='ocrx_word' id='word_1_344' title='bbox 681 3511 759 3572; x_wconf 84' lang='lat' dir='ltr'><strong>alius</strong></span> <span class='ocrx_word' id='word_1_345' title='bbox 784 3538 869 3573; x_wconf 87' lang='lat' dir='ltr'><strong>suum</strong></span> <span class='ocrx_word' id='word_1_346' title='bbox 890 3517 950 3596; x_wconf 82' lang='lat' dir='ltr'><strong>ipse</strong></span> <span class='ocrx_word' id='word_1_347' title='bbox 968 3535 1069 3593; x_wconf 84' lang='lat' dir='ltr'><strong>penem</strong></span> <span class='ocrx_word' id='word_1_348' title='bbox 1091 3511 1307 3575; x_wconf 78' lang='lat' dir='ltr'><strong>ease-desecas.</strong></span> 
     </span>
     <span class='ocr_line' id='line_1_39' title="bbox 206 3592 1310 3679; baseline 0.004 -26"><span class='ocrx_word' id='word_1_349' title='bbox 206 3593 383 3661; x_wconf 76' lang='lat' dir='ltr'><strong>Benedictus</strong></span> <span class='ocrx_word' id='word_1_350' title='bbox 400 3592 527 3667; x_wconf 82' lang='lat' dir='ltr'><strong>eadem,</strong></span> <span class='ocrx_word' id='word_1_351' title='bbox 551 3596 614 3656; x_wconf 85' lang='lat' dir='ltr'><strong>nisi</strong></span> <span class='ocrx_word' id='word_1_352' title='bbox 632 3596 719 3679; x_wconf 87' lang='lat' dir='ltr'><strong>quod</strong></span> <span class='ocrx_word' id='word_1_353' title='bbox 734 3613 858 3674; x_wconf 80' lang='lat' dir='ltr'><strong>resecat,</strong></span> <span class='ocrx_word' id='word_1_354' title='bbox 883 3613 919 3656; x_wconf 88' lang='lat' dir='ltr'><strong>at</strong></span> <span class='ocrx_word' id='word_1_355' title='bbox 940 3611 1071 3678; x_wconf 83' lang='lat' dir='ltr'><strong>apparet</strong></span> <span class='ocrx_word' id='word_1_356' title='bbox 1093 3618 1133 3656; x_wconf 87' lang='lat' dir='ltr'><strong>ex</strong></span> <span class='ocrx_word' id='word_1_357' title='bbox 1149 3597 1310 3660; x_wconf 72' lang='lat' dir='ltr'><strong>Salmaci-</strong></span> 
     </span>
     <span class='ocr_line' id='line_1_40' title="bbox 208 3677 1308 3760; baseline 0.003 -21"><span class='ocrx_word' id='word_1_358' title='bbox 208 3678 279 3739; x_wconf 85' lang='lat' dir='ltr'><strong>ensi</strong></span> <span class='ocrx_word' id='word_1_359' title='bbox 306 3691 336 3738; x_wconf 93' lang='lat' dir='ltr'><strong>et</strong></span> <span class='ocrx_word' id='word_1_360' title='bbox 363 3678 423 3739; x_wconf 88' lang='lat' dir='ltr'><strong>hac</strong></span> <span class='ocrx_word' id='word_1_361' title='bbox 447 3677 601 3741; x_wconf 89' lang='lat' dir='ltr'><strong>editione.</strong></span> <span class='ocrx_word' id='word_1_362' title='bbox 650 3679 741 3741; x_wconf 88' lang='lat' dir='ltr'><strong>Adeo</strong></span> <span class='ocrx_word' id='word_1_363' title='bbox 759 3681 833 3740; x_wconf 84' lang='lat' dir='ltr'><strong>illis</strong></span> <span class='ocrx_word' id='word_1_364' title='bbox 857 3680 1005 3742; x_wconf 85' lang='lat' dir='ltr'><strong>obhaesit</strong></span> <span class='ocrx_word' id='word_1_365' title='bbox 1024 3681 1152 3742; x_wconf 79' lang='lat' dir='ltr'><strong>vexatio</strong></span> <span class='ocrx_word' id='word_1_366' title='bbox 1178 3682 1308 3760; x_wconf 83' lang='lat' dir='ltr'><strong>Attios,</strong></span> 
     </span>
     <span class='ocr_line' id='line_1_41' title="bbox 207 3762 1311 3847; baseline 0.005 -26"><span class='ocrx_word' id='word_1_367' title='bbox 207 3775 246 3822; x_wconf 87' lang='lat' dir='ltr'><strong>ut</strong></span> <span class='ocrx_word' id='word_1_368' title='bbox 259 3762 414 3822; x_wconf 84' lang='lat' dir='ltr'><strong>Deliacos</strong></span> <span class='ocrx_word' id='word_1_369' title='bbox 428 3762 564 3824; x_wconf 82' lang='lat' dir='ltr'><strong>fecerint</strong></span> <span class='ocrx_word' id='word_1_370' title='bbox 582 3784 710 3847; x_wconf 90' lang='lat' dir='ltr'><strong>quoque</strong></span> <span class='ocrx_word' id='word_1_371' title='bbox 727 3765 937 3846; x_wconf 80' lang='lat' dir='ltr'><strong>Corybantes.</strong></span> <span class='ocrx_word' id='word_1_372' title='bbox 981 3765 1031 3824; x_wconf 90' lang='lat' dir='ltr'><strong>An</strong></span> <span class='ocrx_word' id='word_1_373' title='bbox 1048 3765 1154 3828; x_wconf 82' lang='lat' dir='ltr'><strong>miseri</strong></span> <span class='ocrx_word' id='word_1_374' title='bbox 1169 3786 1237 3825; x_wconf 88' lang='lat' dir='ltr'><strong>non</strong></span> <span class='ocrx_word' id='word_1_375' title='bbox 1254 3786 1311 3827; x_wconf 86' lang='lat' dir='ltr'><strong>re-</strong></span> 
     </span>
     <span class='ocr_line' id='line_1_42' title="bbox 209 3843 1312 3931; baseline 0.003 -23"><span class='ocrx_word' id='word_1_376' title='bbox 209 3843 425 3908; x_wconf 82' lang='lat' dir='ltr'><strong>cordabantur</strong></span> <span class='ocrx_word' id='word_1_377' title='bbox 439 3846 593 3909; x_wconf 80' lang='lat' dir='ltr'><strong>Prudensii</strong></span> <span class='ocrx_word' id='word_1_378' title='bbox 609 3846 773 3911; x_wconf 85' lang='lat' dir='ltr'><strong>decadem</strong></span> <span class='ocrx_word' id='word_1_379' title='bbox 797 3847 960 3931; x_wconf 74' lang='lat' dir='ltr'><strong>collegio?</strong></span> <span class='ocrx_word' id='word_1_380' title='bbox 984 3847 1116 3912; x_wconf 80' lang='lat' dir='ltr'><strong>Crsltrum</strong></span> <span class='ocrx_word' id='word_1_381' title='bbox 1130 3851 1164 3910; x_wconf 85' lang='lat' dir='ltr'><strong>in</strong></span> <span class='ocrx_word' id='word_1_382' title='bbox 1182 3848 1312 3913; x_wconf 79' lang='lat' dir='ltr'><strong>lacertos</strong></span> 
     </span>
     <span class='ocr_line' id='line_1_43' title="bbox 210 3930 1313 4020; baseline 0.002 -27"><span class='ocrx_word' id='word_1_383' title='bbox 210 3933 321 3993; x_wconf 74' lang='lat' dir='ltr'><strong>exserit</strong></span> <span class='ocrx_word' id='word_1_384' title='bbox 331 3930 492 4020; x_wconf 77' lang='lat' dir='ltr'><strong>fanaticus</strong></span> <span class='ocrx_word' id='word_1_385' title='bbox 510 3931 659 4014; x_wconf 82' lang='lat' dir='ltr'><strong>Sectisque</strong></span> <span class='ocrx_word' id='word_1_386' title='bbox 677 3931 809 3994; x_wconf 81' lang='lat' dir='ltr'><strong>Matrem</strong></span> <span class='ocrx_word' id='word_1_387' title='bbox 827 3931 954 3996; x_wconf 79' lang='lat' dir='ltr'><strong>brachiis</strong></span> <span class='ocrx_word' id='word_1_388' title='bbox 972 3933 1077 4016; x_wconf 82' lang='lat' dir='ltr'><strong>placat</strong></span> <span class='ocrx_word' id='word_1_389' title='bbox 1092 3932 1196 3999; x_wconf 75' lang='lat' dir='ltr'><strong>Derim.</strong></span> <span class='ocrx_word' id='word_1_390' title='bbox 1239 3934 1313 3995; x_wconf 79' lang='lat' dir='ltr'><strong>Ea-</strong></span> 
     </span>
     <span class='ocr_line' id='line_1_44' title="bbox 133 4011 1314 4100; baseline 0.004 -28"><span class='ocrx_word' id='word_1_391' title='bbox 133 4042 137 4050; x_wconf 90' lang='lat'><em>·</em></span> <span class='ocrx_word' id='word_1_392' title='bbox 212 4011 348 4097; x_wconf 80' lang='lat' dir='ltr'><strong>demque</strong></span> <span class='ocrx_word' id='word_1_393' title='bbox 368 4013 454 4095; x_wconf 86' lang='lat' dir='ltr'><strong>apud</strong></span> <span class='ocrx_word' id='word_1_394' title='bbox 469 4016 561 4076; x_wconf 84' lang='lat' dir='ltr'><strong>alios.</strong></span> <span class='ocrx_word' id='word_1_395' title='bbox 606 4017 701 4077; x_wconf 86' lang='lat' dir='ltr'><strong>Certe</strong></span> <span class='ocrx_word' id='word_1_396' title='bbox 724 4015 787 4078; x_wconf 85' lang='lat' dir='ltr'><strong>boc</strong></span> <span class='ocrx_word' id='word_1_397' title='bbox 800 4032 925 4100; x_wconf 79' lang='lat' dir='ltr'><strong>tempus</strong></span> <span class='ocrx_word' id='word_1_398' title='bbox 941 4019 1016 4078; x_wconf 84' lang='lat' dir='ltr'><strong>talia</strong></span> <span class='ocrx_word' id='word_1_399' title='bbox 1038 4039 1103 4078; x_wconf 88' lang='lat' dir='ltr'><strong>non</strong></span> <span class='ocrx_word' id='word_1_400' title='bbox 1121 4016 1256 4093; x_wconf 57' lang='lat' dir='ltr'><strong>decenn</strong></span> <span class='ocrx_word' id='word_1_401' title='bbox 1279 4029 1314 4079; x_wconf 84' lang='lat' dir='ltr'><strong>et</strong></span> 
     </span>
     <span class='ocr_line' id='line_1_45' title="bbox 155 4097 1311 4189; baseline 0.003 -27"><span class='ocrx_word' id='word_1_402' title='bbox 155 4183 157 4186; x_wconf 7' lang='grc' dir='ltr'><em>Α</em></span> <span class='ocrx_word' id='word_1_403' title='bbox 177 4098 180 4103; x_wconf 73' lang='grc'><em>’</em></span> <span class='ocrx_word' id='word_1_404' title='bbox 213 4097 411 4171; x_wconf 75' lang='lat' dir='ltr'><strong>laudabilius</strong></span> <span class='ocrx_word' id='word_1_405' title='bbox 425 4099 577 4165; x_wconf 83' lang='lat' dir='ltr'><strong>fecissent</strong></span> <span class='ocrx_word' id='word_1_406' title='bbox 590 4099 721 4166; x_wconf 75' lang='lat' dir='ltr'><strong>cubitum</strong></span> <span class='ocrx_word' id='word_1_407' title='bbox 730 4101 918 4189; x_wconf 76' lang='lat' dir='ltr'><strong>simplicitas</strong></span> <span class='ocrx_word' id='word_1_408' title='bbox 930 4099 1187 4189; x_wconf 81' lang='lat' dir='ltr'><strong>interpretantes.</strong></span> <span class='ocrx_word' id='word_1_409' title='bbox 1201 4103 1311 4177; x_wconf 75' lang='lat' dir='ltr'><strong>Giton.</strong></span> 
     </span>
    </p>
   </div>
   <div class='ocr_carea' id='block_1_3' title="bbox 0 0 1347 4800">
    <p class='ocr_par' dir='ltr' id='par_1_3' title="bbox 0 0 1347 4800">
     <span class='ocr_line' id='line_1_46' title="bbox 0 0 1347 4800; baseline 0 0"><span class='ocrx_word' id='word_1_410' title='bbox 0 0 1347 4800; x_wconf 95' lang='lat' dir='ltr'><strong> </strong></span> 
     </span>
    </p>
   </div>
  </div>
 </body>
</html>
