2678 4800
315 497 376 550 wii
398 505 428 550 et
444 496 567 563 Parerga
589 490 624 545 de
641 490 842 545 vocabulorum
866 493 1064 548 terminatione
1082 504 1112 549 et
1129 496 1269 567 composi·

239 577 248 587 *
313 583 406 647 tione,
438 580 472 632 de
497 579 604 630 coriatis
624 579 774 630 verborum
799 576 1065 649 authypotactorum
1080 589 1135 633 etc.
1170 582 1270 649 8maj.

316 667 393 720 1820.
436 665 541 719 charta
553 663 677 731 impress.
1060 665 1161 722 sthlr.
1180 667 1214 720 ln
1224 685 1267 738 gr.
1312 688 1315 693 ·

235 782 271 796 -
298 780 334 791 -
360 751 438 803 Idem
455 749 543 813 liber,
565 748 660 800 charta
673 749 769 816 script.
782 747 848 818 gall.
1089 746 1179 803 tthr.
1193 751 1210 802 8
1223 770 1268 822 gr,

223 839 248 878 ·*
266 864 310 878 -
332 860 369 876 --
392 835 470 889 Idem
481 833 568 900 liber,
590 832 687 885 charta
703 834 859 912 membran.
1176 836 1269 895 othir.

230 971 377 1043 Polybii
399 969 528 1021 editionis
548 967 1006 1036 Shweigheeuseranee
1027 969 1271 1040 snpplementum,

316 1055 460 1108 continens
482 1055 645 1116 Aeneae,
670 1053 790 1120 I'actiti,
813 1054 1054 1107 commentarium
1075 1055 1110 1106 de
1121 1057 1271 1112 toleranda

315 1138 459 1191 obsidione
475 1139 511 1189 ad
530 1137 609 1191 codd.
627 1155 690 1190 mss.
706 1146 734 1188 et
749 1137 901 1191 editionum
917 1138 1003 1191 fidem
1021 1141 1211 1209 recensitum,
1234 1145 1269 1197 Ia

315 1223 524 1277 Gasauhoni
545 1223 718 1293 aliorumque
730 1232 759 1274 et
774 1225 830 1276 suis
844 1231 966 1276 annotat.
983 1223 1157 1279 illustratum
1182 1226 1271 1281 edidit

314 1311 355 1362 Io.
370 1309 454 1362 Conr.
477 1307 654 1361 Orellius.
700 1309 771 1360 Cum
789 1309 845 1362 tab.
864 1308 923 1362 aeri
937 1309 1031 1364 incisa.
1054 1309 1079 1363 8.
1096 1311 1166 1376 maj.
1191 1311 1269 1367 1818.

316 1394 420 1446 Charta
436 1394 529 1462 script.
1079 1393 1171 1447 lthtr.
1186 1397 1268 1469 1631.

230 1478 246 1515 *
266 1504 308 1519 --
331 1509 369 1519 -
392 1478 472 1531 Idem
484 1478 571 1546 liber,
594 1478 689 1531 charta
701 1477 776 1551 belg.
792 1488 848 1550 opt.
1069 1478 1163 1538 athir.
1179 1482 1213 1536 12
1225 1501 1267 1554 gr.

230 1615 291 1685 spi
300 1625 416 1679 tinen,
439 1615 481 1668 M.
494 1614 647 1680 francisc,
670 1612 703 1665 de
715 1630 796 1665 versu
810 1615 983 1666 Graecorum
993 1613 1121 1682 heroico,
1144 1619 1268 1671 maxime

313 1699 472 1753 Homerico.
496 1699 595 1752 Acced
638 1699 814 1764 Ejusdem
833 1700 966 1751 Mantissa
987 1700 1135 1753 ohservatt.
1154 1702 1219 1767 crit.
1239 1714 1269 1757 et

313 1795 463 1854 grammat.
483 1786 513 1837 in
549 1782 686 1855 Quinti
712 1785 903 1853 Smyrnaei
932 1783 1209 1840 Posthomericorum
1234 1788 1268 1841 li-

313 1870 390 1922 hros'
403 1872 465 1922 XIV
488 1879 516 1922 et
533 1871 575 1922 Μ.
590 1868 694 1923 Frider.
718 1871 821 1937 Traug.
843 1868 1077 1921 Fridemanni
1098 1856 1267 1927 Dissertatio

314 1954 348 2006 de
362 1955 454 2008 media
467 1955 573 2024 syllaba
585 1955 753 2008 Pentametri
770 1953 944 2008 Graecorum
962 1953 1078 2026 elegiaci
1097 1964 1126 2006 et
1146 1957 1264 2010 Indices,

313 2039 408 2105 8maj.
432 2040 508 2093 1816.
552 2040 656 2093 Charta
671 2041 795 2110 impress.
956 2093 959 2099 ,
992 2076 997 2085 ,
1054 2039 1263 2114 lthtr.16.gr.

232 2155 269 2168 -
296 2153 333 2164 -—
357 2125 437 2176 Idem
451 2125 542 2189 liber,
564 2125 662 2177 charta
676 2125 803 2193 scriptor.
1169 2126 1263 2182 ethis.
1326 2152 1329 2157 ·

229 2211 244 2246 *
267 2240 304 2251 -
331 2240 367 2248 -
393 2210 472 2263 Idem
486 2210 572 2278 liber,
595 2211 693 2262 charta
707 2210 861 2264 membran.
885 2210 997 2278 (velia)
1170 2207 1263 2266 ethis.

228 2345 351 2416 Spohn
361 2384 368 2409 ,
380 2346 431 2398 Μ.
445 2347 473 2398 F.
491 2347 522 2398 Α.
540 2343 627 2412 (tuit,
651 2345 854 2397 commentatio
866 2345 900 2399 de
915 2358 1039 2402 extreme
1048 2348 1188 2419 Odysseae
1200 2352 1268 2419 par?

314 2438 344 2481 te
359 2429 424 2480 inde
440 2429 594 2498 arhapsod.
614 2430 649 2486 Ψ
660 2446 742 2482 versu
765 2430 913 2483 CCXCVII
926 2450 992 2485 aevo
1007 2434 1164 2487 recentiore
1186 2445 1263 2499 orta,

313 2531 398 2584 quem
410 2515 569 2567 Homerico.
592 2514 683 2581 8maj.
707 2513 782 2566 1816.
804 2516 909 2570 Charta
920 2518 1045 2589 impress.
1090 2518 1179 2572 Ithlr.
1195 2518 1213 2571 8
1219 2536 1264 2590 gr.

229 2627 272 2643 ι-
292 2626 336 2638 -
356 2598 435 2651 Idem
448 2599 536 2666 liber,
558 2599 654 2651 charta
669 2601 762 2667 script.
1071 2604 1162 2657 lthlr.
1179 2605 1264 2676 1231.

228 2686 308 2725 ⁴¹-
328 2711 372 2726 --
390 2683 472 2736 Idem
487 2684 577 2750 iiber,
599 2683 695 2736 charta
707 2684 862 2739 membran.
891 2686 1010 2755 (velia),
1172 2688 1265 2745 athir.

228 2819 431 2874 Theocriti
443 2819 605 2888 =Reliquiae.
648 2820 758 2873 Graece
773 2828 801 2871 et
814 2820 921 2878 Latine.
964 2823 1083 2875 Tereum
1098 2826 1266 2895 recognovit

303 2914 351 2958 et·
365 2922 434 2958 cum
455 2904 739 2957 animadversionibus
753 2905 877 2974 theoph.
894 2905 1050 2975 christoph.
1072 2908 1265 2977 Harlesii,

311 2992 352 3044 Jo.
374 2989 475 3042 Christ.
499 2993 569 3043 Dan.
599 2989 816 3055 Schreberi,
847 2988 968 3043 aliorum
992 2993 1130 3062 excerptis
1149 2994 1264 3064 euinque

310 3074 398 3127 edidit
412 3074 581 3143 Theophilus
602 3074 795 3151 Kiessling.
839 3074 980 3129 Accedunt
1000 3086 1168 3147 argumenta
1181 3096 1264 3152 grae·

310 3178 358 3226 ca,
388 3159 508 3226 scholia,
537 3159 653 3229 epistole
670 3160 725 3213 Iac.
744 3158 918 3212 Merellii
939 3160 974 3213 ad
998 3161 1213 3218 Harlotinm
1235 3175 1265 3219 et

310 3243 646 3310 indices.8maj.1819.
688 3242 928 3315 Qhertaimprees.
1060 3245 1157 3303 tthlr.
1177 3248 1263 3321 ldgr.

224 3354 269 3373 --
289 3356 331 3369 -
353 3328 523 3396 nemmer,
546 3328 643 3381 charta
657 3330 751 3400 script.
764 3329 830 3399 gan.
1047 3328 1263 3407 tthtr.1agr.
1333 3320 1338 3337 '

224 3439 268 3457 ·-·
288 3440 331 3457 ·-
352 3415 429 3471 idem
443 3412 530 3485 liber,
553 3414 650 3474 charta
661 3413 883 3472 membranacea,
1047 3408 1209 3474 intrito.
1220 3438 1264 3493 gr.

626 3662 844 3717 .--··-·γ-.
