2678 4800
256 437 304 514 ια
356 431 567 487 vtranun
618 432 903 486 sucrtourn.
1053 423 1126 497 531

26 590 180 654 stimulus
206 578 418 668 praecedens,
449 599 514 665 quo
545 576 725 724 sipnificst,
759 601 832 644 eum
857 580 977 648 habe„
1005 587 1130 673 „liquid

25 693 252 742 nummorum
276 688 342 728 non
366 663 406 727 ad
422 663 564 726 deterreo
590 686 653 727 nm.
695 666 743 727 Et
756 665 822 748 39⁸1
837 665 998 732 (lehem,
1010 694 1045 735 ω
1057 695 1129 738 Μ.

25 761 152 822 rexisse
166 777 207 816 ex
220 750 381 836 Apologia
394 771 453 833 pro
468 748 611 811 mercede
625 747 815 831 conductis,
838 750 895 813 ubi
909 757 1052 818 occurrit
1066 760 1131 828 leeg
1152 784 1157 795 e

27 840 90 911 oria
104 837 142 905 άν
157 837 278 920 φθάνοι
289 861 335 910 τις
349 832 470 909 sinitur
486 827 623 917 άναιοοῖν
634 833 689 910 τάς
701 830 843 912 τοιαάτας
854 842 1056 919 senescentes,
1072 843 1131 909 ubi

26 926 225 1001 Benedictus,
248 921 363 1005 alioqui
366 924 441 1005 fieri
455 942 515 979 non
527 923 653 1002 poterit,
677 924 749 1003 puin
759 921 816 984 baa
830 925 943 984 ratione
953 926 1133 1012 praeficta..

28 1038 85 1077 rue
98 1035 195 1072 omnes
215 1022 459 1081 exauctorentur,
482 1001 540 1062 ubi
560 1001 684 1064 easdem
698 1025 792 1066 voees
813 1008 976 1069 contrario
1015 1025 1086 1072 uta
1114 1047 1133 1064 .

27 1110 141 1184 paret,
164 1091 279 1168 ruodo,
300 1088 356 1151 sed
370 1103 474 1166 recte,
497 1087 627 1170 accipit.
650 1086 761 1152 Grau.
776 1089 817 1153 V.
830 1089 953 1151 Anaeh.
966 1058 995 1155 ά.
1010 1099 1060 1161 14.
1078 1121 1133 1173 ας.

27 1209 63 1250 τε
79 1173 137 1246 otiu
153 1175 191 1243 άν
206 1175 343 1260 φθάνοις
355 1169 510 1239 διδάσκων
521 1196 557 1254 με
572 1173 624 1237 uel
637 1171 781 1278 minutia
795 1174 985 1258 ποιούμενος.
1011 1179 1057 1240 Et
1072 1180 1132 1244 sub
1235 1191 1240 1203 ¹

30 1269 89 1329 fin.
106 1263 204 1344 Disp.
222 1284 248 1323 o.
266 1261 344 1321 Hes.
359 1250 417 1323 οάιι
431 1253 469 1321 άν
483 1252 622 1338 φθάνοις
633 1253 708 1344 ιιᾷμὲ
720 1284 828 1341 μαντιν
839 1262 948 1346 λέγων,
972 1283 999 1324 a.
1013 1270 1043 1333 8.
1061 1250 1132 1331 'Sa
1186 1303 1190 1315 ι

31 1373 115 1415 unu.
158 1346 347 1409 Versionem
362 1340 526 1421 Benedicti,
549 1366 608 1404 non
621 1345 709 1404 nimis
723 1346 783 1406 cito
795 1346 891 1428 ipsum
903 1350 1015 1423 emetis,
1038 1347 1133 1412 Sola·

30 1463 90 1499 nus
106 1434 151 1494 ita
167 1431 323 1491 correxit:
346 1451 405 1493 non
419 1423 479 1501 ist,
503 1450 557 1488 our
575 1451 665 1498 emere
677 1450 775 1493 cesses.
819 1428 881 1492 Sed
896 1450 1008 1492 seusus
1021 1431 1133 1496 eodem

30 1520 135 1591 redit,
159 1514 299 1599 apertior
322 1526 427 1574 tamen
450 1526 514 1594 ett;
536 1509 676 1596 ideoque
693 1511 800 1594 recepi
823 1512 932 1577 Saloni
955 1517 1136 1580 ‘correctio-

30 1628 125 1681 nem,
158 1622 240 1683 quae
267 1598 493 1659 Gronovianae
522 1595 785 1678 interpretationi
812 1618 942 1682 quoqne
968 1602 1133 1665 convenit.

33 1688 117 1751 Cum
135 1686 261 1749 Gronov.
277 1682 363 1744 euim
379 1682 444 1760 ait,
466 1680 622 1744 Benedicti
635 1681 815 1745 versionem
831 1684 927 1766 plane
939 1684 1135 1748 'eontrarium

21 1787 102 1837 'esse
122 1771 272 1846 Graecis,
303 1768 475 1851 ignoscant
495 1765 579 1833 mibi¹
598 1768 666 1848 epis
688 1766 822 1842 Manes,
852 1767 880 1827 si
902 1765 938 1829 id
957 1762 1135 1852 negavero:

31 1880 108 1919 nam
131 1854 239 1918 eadem
260 1873 348 1913 mens
368 1850 497 1911 videtur
520 1851 621 1912 fuisse
641 1849 736 1912 istius
754 1850 933 1930 versionis,
963 1876 1024 1916 non
1048 1856 1138 1919 nimie

34 1948 96 2006 cito
117 1944 235 2013 erueris,
259 1957 340 2019 quae
356 1935 602 2008 Gronovianaee
625 1935 734 1997 voluit
753 1937 839 1998 enim
855 1935 977 2012 dicere,
1000 1958 1068 2001 non
1081 1938 1138 2000 ni-

34 2029 137 2087 mium
156 2021 277 2105 puteris
297 2019 454 2080 festinare
467 2018 502 2078 in
518 2017 668 2081 emunda.
714 2019 776 2084 Sed
788 2021 864 2106 quie
877 2021 1062 2084 enuntiatio
1081 2036 1139 2085 ta-

35 2133 110 2173 meu
127 2109 238 2188 aliquo
260 2102 356 2165 modo
371 2102 519 2187 ambigua
535 2119 620 2176 erat,
646 2102 812 2167 Gronovius
824 2105 947 2166 Latina
968 2105 1025 2168 illa
1039 2106 1138 2171 verba

36 2196 85 2255 ita
104 2189 236 2272 accepit,
249 2211 285 2250 ae
300 2188 328 2248 si
342 2185 377 2252 cd
389 2213 449 2250 non
459 2186 653 2270 probibendi
666 2187 765 2250 ruodo
803 2189 921 2251 otitum
936 2205 1029 2269 esset,
1037 2191 1147 2277 signi·

40 2278 226 2352 ficaretque,
250 2273 313 2336 noli
326 2271 412 2334 illum
427 2289 490 2333 tom
506 2276 566 2334 cita
579 2297 678 2350 emere,
697 2211 928 2356 quotiseusum
946 2288 1031 2338 certe
1042 2272 1141 2340 Grae·

39 2362 89 2424 eis
105 2359 209 2422 verbio
224 2357 417 2418 eontrarium
431 2355 609 2420 exhiberet.
650 2358 721 2422 Jam
735 2380 823 2431 vero.
842 2381 914 2421 enm
931 2354 1138 2438 reddideriui,

35 2470 100 2508 nun
122 2462 178 2522 est,
203 2468 256 2504 our
274 2466 365 2505 cesses
385 2464 491 2520 emere,
519 2442 605 2518 tire,
628 2442 693 2506 noli
711 2447 865 2521 mactari,
894 2441 981 2508 nihil
1003 2446 1140 2529 ampliat

37 2531 104 2592 hoc
121 2528 278 2591 adversari
294 2525 458 2589 videbitur
470 2533 513 2615 epi
526 2550 586 2589 non
597 2531 718 2610 poteris,
739 2532 812 2613 puin
826 2552 923 2607 ernas,
938 2528 1027 2615 qnod
1042 2530 1139 2592 etiarn

36 2613 223 2698 appositum
245 2613 347 2690 foret,
369 2611 514 2694 adeoque
534 2626 621 2674 reete
638 2613 735 2674 etiam
752 2614 890 2675 vertitur
906 2614 941 2674 in
960 2613 1025 2676 tab.
1042 2612 1139 2680 Cetea

36 2721 70 2783 p.
86 2707 118 2767 8.
140 2697 189 2759 ed.
206 2697 276 2762 Rel.
302 2692 369 2761 Οάιι
388 2692 427 2762 dv
447 2695 585 2779 φθάνοις
606 2700 712 2762 τοίνυν
729 2696 942 2782 διηγούμενος,
963 2703 1036 2786 quin
1048 2703 1142 2784 igitur

37 2785 127 2845 nodis
140 2787 198 2843 isto
210 2784 310 2842 statim
325 2781 472 2865 explicas.
500 2780 594 2842 Adde
603 2784 758 2866 Aristopb.
772 2785 818 2845 Pl.
834 2788 907 2854 485.
925 2781 991 2849 Otitt
1003 2780 1044 2850 ile
1055 2781 1142 2868 φθά·

37 2893 144 2935 νοιτον
158 2873 248 2931 τοῦτο
269 2864 442 2948 τράποντο.
483 2864 551 2925 Ubi
574 2865 912 2934 resuscitationem
933 2864 1142 2952 άναβάλοισθε

40 2989 86 3002 -·
109 2946 176 3017 aiunl
194 2957 250 3014 rori
268 2952 378 3032 ταχέως
397 2944 582 3025 insidiante
602 2951 805 3033 τελευτάσετι,
830 2952 922 3016 nolite
940 2952 1076 3040 dfferre,
1097 2962 1143 3007 -ἑ

40 3041 176 3122 procito
190 3035 325 3096 abeuntes
336 3038 495 3097 morimini.
518 3032 593 3098 virt.
607 3034 864 3121 eundAristopb.
874 3039 1140 3121 terquateralibl,

41 3137 81 3185 ut
96 3123 178 3183 alios
201 3122 365 3197 omittam,
390 3118 466 3202 quia
481 3118 604 3202 phrasis
626 3132 674 3180 est
688 3123 767 3180 satis
782 3120 885 3183 obvia.
909 3122 1034 3183 Rarrz.
1076 3123 1144 3183 vix

42 3220 154 3290 potest
173 3206 315 3288 apertius
338 3204 500 3278 converti,
524 3223 618 3287 quam
639 3225 657 3264 a
680 3204 841 3268 Benedicta
863 3205 983 3268 iactum
1002 3221 1087 3287 erat,
1111 3224 1145 3270 et

44 3313 106 3375 ego
123 3311 308 3373 posueram,
330 3290 402 3350 Non
421 3292 510 3351 nimie
530 3292 589 3351 aito
609 3291 727 3365 erueris,
750 3290 772 3350 i.
786 3311 814 3351 s.
831 3306 1049 3373 emerepotes.
1092 3289 1145 3352 Ad
1182 3332 1187 3345 ·

43 3375 195 3449 verbum,
217 3375 287 3436 Nou
298 3377 480 3459 praeveneris
492 3399 604 3451 emens,
627 3372 774 3458 intellige
790 3379 1037 3458 opportunitatem
1049 3381 1154 3456 erraret-2¹
1263 3384 1268 3391 ’

45 3461 97 3536 di,
121 3457 209 3542 quod
232 3457 316 3520 nihil
338 3457 426 3522 aliud
444 3472 508 3537 est,
533 3479 626 3543 qnam
644 3461 747 3520 statim
763 3458 914 3520 eruendum
929 3477 988 3537 est,
1011 3465 1039 3522 si
1052 3460 1146 3546 sapie.

45 3545 152 3605 Gran.
198 3544 250 3606 cf.
267 3546 385 3605 Tartar,
404 3565 431 3603 c.
448 3551 479 3610 2.
508 3544 653 3606 Omnino
673 3541 972 3607 niuster-trenaee
994 3545 1143 3631 Vigenp.

44 3637 118 3698 746.
134 3627 184 3689 ed.
200 3630 228 3694 Ι.
243 3642 276 3689 et
291 3628 551 3711 Schweighaeuser.
568 3627 607 3690 ad
621 3627 768 3692 Herodot.
784 3628 867 3707 VII,
885 3635 958 3697 162.
980 3629 1101 3699 Laura.

132 3764 208 3847 Peg·
226 3758 719 3850 124.1.2.”0voesiyrteuauir)
743 3761 866 3826 Contra
878 3760 1143 3848 disputatlbeod.

45 3849 171 3914 Marcii
188 3848 229 3911 ad
243 3847 324 3913 Pers.
345 3849 480 3915 Bonan.
1006 3858 1013 3872 '
1115 3870 1133 3905 ·.

131 3966 210 4030 Eud·
227 3971 250 4029 l·
264 3974 293 4035 6.
318 3960 563 4049 Καταλὲλιιτται)
579 3965 673 4051 Angl.
688 3968 902 4033 καταλείπεται.
924 3968 1058 4033 Bonan.
1081 3975 1145 4034 Ka·

46 4057 209 4118 saisierunt
226 4053 260 4112 P.
284 4052 335 4116 ed.
355 4052 385 4116 J.
410 4066 459 4132 et,
483 4053 518 4114 ni
541 4052 655 4123 fallor,
685 4053 782 4135 Angl.
808 4050 889 4113 Cod.
913 4051 1045 4140 Reliqui
1068 4053 1145 4113 libri

46 4141 284 4215 καταλέλειπται,
306 4139 412 4198 minus
429 4135 605 4210 commode.
649 4134 724 4201 Viti.
743 4136 875 4201 Parasit.
890 4158 918 4200 ο.
936 4144 988 4204 27.
1017 4139 1144 4201 soene.

48 4225 203 4306 Suspecta
227 4221 360 4284 omuino
372 4222 452 4286 haee
466 4245 533 4287 vox
549 4223 620 4288 visa
640 4236 689 4286 ert
703 4220 872 4308 Seydoldop
892 4242 999 4307 neque
1014 4223 1076 4283 hoc
1091 4221 1145 4280 in·

821 4306 940 4379 ,1⁴12
