2678 4800
183 387 258 461 ΨΒ
442 391 1032 448 sunorsrrouus

183 548 342 637 Lamprid.
362 546 397 607 in
415 539 593 606 Commodo
605 538 667 601 IX.
714 537 814 600 Sacro
837 537 928 603 Isidis
947 539 1065 619 coluit,
1102 558 1139 605 ast
1162 558 1193 605 et
1215 558 1294 627 oopst

184 637 299 701 raderet
313 650 344 695 ct.
352 629 478 693 Anubin
487 641 630 710 portaret.
643 624 693 687 ·V.
710 622 841 687 Cosani.
856 624 1293 691 not-MinasoAEeLetHerad.

185 726 220 785 in
233 724 388 799 Euterpe,
405 719 437 780 ol
449 714 540 792 ἱερέες
552 717 613 776 τῶν
624 716 708 773 θεῶν
722 715 761 792 τῇ
771 711 824 790 μὲν
837 706 911 795 ἄλλῃ
927 712 1092 792 κομέουσι,
1107 714 1145 778 ds·
1160 709 1293 797 Αἰγύπτῳ

184 810 219 874 δὲ
232 811 399 886 gentienus.
421 797 499 859 Plin.
516 797 611 857 etiam
628 795 720 854 VIII.
743 794 872 857 Sosis.
914 793 1187 878 Bion.Epitaplr.
1200 797 1292 859 Adon.

184 916 215 957 v,
233 899 285 959 81.
301 886 404 967 Eurip.
418 883 530 964 Suppl.
544 902 575 942 v.
591 886 664 947 978.
681 899 728 961 sq.
744 878 838 943 Hom.
854 878 947 939 Iliad.
963 880 1014 958 X,
1034 886 1091 951 16.
1109 881 1293 965 odquv,

187 983 259 1043 198.
282 970 427 1031 Omnino
443 966 512 1031 vid.
527 964 727 1028 Kirclrmomt.
744 963 784 1025 de
798 963 952 1027 Funerib.
967 967 1010 1027 L.
1026 966 1079 1027 11.
1098 988 1177 1051 cap.
1197 975 1246 1039 15.
1258 975 1293 1035 14.

185 1063 305 1123 Lnurn.

272 1136 351 1203 End.
366 1142 391 1206 l.
411 1144 461 1203 12.
489 1131 588 1200 Ψιλόν
608 1167 651 1183 -
670 1128 706 1198 td
727 1133 863 1213 πένθος)
883 1134 978 1193 Dura
1001 1134 1152 1197 omniuo
1177 1134 1295 1220 phrasis.

188 1216 274 1290 Vide
291 1246 331 1285 an
350 1219 488 1283 arrideat
502 1219 572 1284 Por.
588 1231 621 1278 et
638 1216 716 1280 edit.
735 1218 765 1284 J.
781 1218 951 1300 scriptura,
966 1213 1107 1300 filma?
1117 1220 1296 1305 legentium

190 1312 318 1377 Sonus.
362 1305 504 1368 Jocohsio
520 1324 648 1387 quoque
670 1303 705 1361 in
723 1302 864 1363 Animm.
884 1301 970 1364 critt.
982 1302 1017 1361 in
1035 1301 1234 1367 Callistrsti
1246 1320 1297 1367 sn-

191 1415 264 1463 tuas
281 1408 313 1455 et
327 1390 595 1451 Philostratorum
610 1387 766 1471 imagines
782 1408 814 1468 p.
830 1393 879 1454 14.
902 1386 1035 1449 minime
1054 1386 1206 1452 ferenda
1226 1388 1296 1453 side·

191 1497 245 1543 tur
259 1483 390 1561 vulgata
401 1473 519 1549 lectio,
544 1471 665 1557 quippe
685 1487 755 1533 rato
781 1492 850 1531 esm
869 1475 943 1533 mire
962 1475 1103 1555 ineptam
1123 1494 1202 1538 esse
1221 1478 1298 1537 loon·

192 1566 326 1631 tionem.
370 1556 530 1623 Emendat
545 1557 670 1639 itaque:
691 1557 744 1621 uui
759 1553 900 1637 ψιλότητι
909 1562 964 1637 τῆς
976 1564 1126 1640 κεφαλῆς
1138 1558 1179 1627 ed
1199 1560 1297 1633 nieles

192 1651 374 1725 ἐπεδείξατο.
399 1658 432 1706 et
447 1641 564 1703 vertit:
588 1665 671 1702 nemo
686 1665 802 1703 comam
814 1640 1027 1729 tonsifiom‘t,
1052 1647 1135 1727 quin
1157 1669 1228 1707 eom
1242 1662 1298 1707 tos·

195 1726 281 1809 deut,
305 1731 469 1813 capitisque
489 1723 609 1788 calvitie
624 1724 736 1786 luctum
752 1729 906 1811 signidcel.
950 1725 1081 1789 Contra
1105 1742 1182 1791 tam
1226 1748 1297 1791 nm

185 1822 405 1901 etelegantes
420 1811 552 1894 linguae
565 1810 716 1873 classicae
732 1831 879 1872 censores
899 1810 974 1893 quis
991 1812 1084 1893 ausit
1104 1815 1178 1895 jam
1224 1814 1299 1877 efes-

110 1954 119 1975 χ
195 1892 333 1968 d'endam
345 1897 506 1976 suscipere
521 1894 707 1978 vulgatam?
731 1895 821 1957 Mihi
836 1892 911 1957 'vero
926 1894 1047 1957 sudore
1059 1897 1182 1963 liceat.
1224 1900 1298 1973 Ru,

198 1980 297 2073 sinam
315 1983 426 2045 innuit
446 1996 570 2050 auctor,
589 1978 820 2060 ineptissimam
837 1995 869 2042 et
886 1978 1142 2043 stolidissimum
1160 2004 1243 2061 esse,
1256 1982 1300 2043 lut

198 2070 328 2157 quidem
342 2068 439 2129 facile
456 2065 598 2127 Jacobsio
613 2066 751 2148 largiar;
775 2085 840 2125 non
856 2063 948 2139 item,
972 2065 1067 2147 quod
1086 2066 1134 2129 de
1148 2068 1300 2145 locutione

198 2157 284 2220 idem
297 2150 483 2229 contendit,
508 2170 602 2232 quam
620 2148 769 2230 equidem
791 2149 987 2231 aptissimam
1011 2150 1138 2229 judico
1159 2152 1204 2215 ad
1224 2154 1300 2233 iusp-

198 2243 277 2303 tiam
296 2241 430 2300 istorum
445 2234 612 2297 hominum
627 2233 869 2312 illustrandam,
892 2235 950 2317 qui
971 2233 1128 2299 detonsis
1157 2236 1300 2323 capitibus

198 2320 310 2410 iugero
341 2320 446 2386 rideri
469 2325 598 2382 volunt.
642 2319 758 2396 Hunc,
788 2339 880 2402 quem
903 2340 980 2399 prae
1002 2320 1203 2403 scierunt,
1225 2340 1300 2407 quas

201 2423 386 2485 ostentant,
410 2405 673 2485 (ἐπιδείκνυνται)
693 2408 837 2481 luctum,
867 2404 991 2465 comica
1017 2427 1104 2467 usus
1126 2410 1301 2475 locustum.

202 2510 297 2579 quem
320 2497 461 2554 colorem
485 2504 573 2553 totns
596 2494 688 2550 locus
707 2487 844 2573 induit,
856 2487 948 2571 ψιλὸν
963 2488 1069 2560 dicit.
1093 2490 1120 2557 i.
1137 2513 1168 2559 e.
1186 2492 1301 2565 cultra,

202 2578 468 2649 nudumluctum,
490 2574 563 2636 eine
576 2570 689 2647 kahle,
712 2571 846 2651 nackte,
868 2576 1000 2638 Trauer.
1049 2575 1151 2720 (guid
1167 2572 1302 2641 buccoll

204 2661 346 2746 Quodsi
364 2682 428 2721 rem
442 2673 584 2740 spectes,
607 2659 836 2720 commentario
854 2658 1035 2719 eritlibelli
1079 2684 1100 2723 e
1117 2664 1234 2727 Luctu
1250 2660 1304 2723 isi·

202 2750 302 2823 tiuni,
325 2745 383 2806 ubi
400 2743 533 2805 omnino
549 2744 774 2826 perstringitur
796 2743 976 2826 lugentium
996 2746 1149 2829 vulgus,
1175 2748 1233 2833 qui
1251 2762 1304 2807 nos
1338 2727 1339 2806 l

204 2835 288 2903 clare
301 2830 457 2908 scientes,
480 2842 587 2927 utrum¹
600 2850 652 2899 ea.
678 2849 760 2910 quae
775 2829 906 2911 lugent,
927 2843 1046 2890 eventa
1061 2852 1146 2895 vere
1161 2837 1241 2895 mals
1252 2830 1305 2891 sint
1338 2813 1339 2848 ¹

203 2930 238 2981 et
259 2912 416 3000 lugenda,
446 2935 565 2991 necne,
588 2914 671 2973 mori
694 2925 819 2972 tantum
842 2918 997 2995 majorum
1020 2927 1057 2976 et
1076 2910 1303 2979 con'sustudisi

163 3038 167 3047 ·
203 3000 425 3083 obsequantur
436 2995 537 3079 (νόμῳ
551 3000 601 3063 καὶ
616 3000 766 3083 συνηθείᾳ
779 2994 835 3078 τὴν
847 2996 947 3080 λύπην
958 3000 1211 3085 incepissem).
1232 3000 1303 3061 uas·

204 3078 276 3147 dem
295 3089 417 3147 luctum
443 3084 590 3164 ineptum
607 3104 712 3160 nunc,
737 3103 835 3163 quum
859 3080 898 3143 de
910 3083 1071 3167 singulari
1089 3086 1239 3171 quodam
1251 3088 1304 3167 sjss

203 3170 315 3255 signe,
346 3168 385 3230 de
410 3168 541 3229 calvitie
561 3168 688 3229 scilicet
707 3166 872 3246 affectata,
901 3167 1069 3252 loquitur,
1102 3172 1207 3253 ψιλὸν
1226 3177 1303 3233 vent

203 3248 321 3337 ipsum,
344 3253 367 3316 i.
381 3274 409 3315 e.
424 3270 541 3321 vanum
556 3267 588 3314 et
596 3255 739 3325 inanem,
761 3250 896 3313 rationis
913 3253 1122 3315 severitatis
1136 3270 1303 3339 expertem
1323 3265 1324 3324 j

203 3360 264 3401 nec
279 3360 355 3400 sane
380 3338 595 3418 importunam
616 3335 786 3419 imaginem
809 3337 994 3413 intrudens,
1020 3340 1128 3420 quum
1148 3362 1228 3404 usus
1251 3354 1303 3399 uo!

203 3437 373 3508 repugnet·
424 3420 503 3487 Ψιλᾶ
517 3422 602 3484 enim
618 3416 838 3502 metaphorice
851 3442 946 3484 sensu
958 3422 1066 3500 dicta,
1091 3440 1135 3485 ut
1149 3424 1234 3487 nuda
1245 3424 1304 3485 Lu

205 3508 338 3569 Graecis
352 3522 444 3569 erant
463 3506 570 3567 omnia
577 3547 589 3579 ,
614 3527 697 3588 quae
713 3520 828 3565 vacant
842 3507 899 3585 iis,
922 3527 1006 3589 quae
1018 3510 1095 3590 quis
1111 3514 1186 3593 jure
1201 3502 1304 3571 suosl

205 3591 248 3653 iis
262 3606 427 3674 exspectet
439 3596 492 3654 vel
505 3604 607 3672 optet.
637 3592 687 3651 lta
703 3610 778 3673 ager
791 3589 898 3671 ψιλὰς,
922 3591 945 3650 l.
958 3612 986 3652 e.
1000 3612 1123 3674 expers
1135 3592 1303 3679 graminae

205 3684 238 3739 et
259 3676 509 3737 frumentorum:
533 3677 578 3735 ita
599 3674 719 3736 milites
731 3678 836 3756 ψιλοὶ,
859 3680 911 3737 vel
929 3678 1026 3758 plane
1042 3698 1134 3756 non,
1155 3684 1211 3740 vel
1233 3674 1301 3738 levi·

204 3774 270 3832 ter,
294 3761 415 3826 armati.
458 3760 508 3820 Ita
529 3760 683 3822 Lucienus
699 3760 767 3841 ipse
783 3760 956 3823 Anachars.
980 3770 1123 3845 capto.
1144 3776 1299 3845 postqum

204 3842 399 3906 Anacharsis
416 3847 572 3923 selinum,
595 3846 721 3927 apium,
746 3844 876 3927 pinum,
900 3861 932 3909 et
952 3842 1148 3927 hujusmodi
1170 3848 1299 3907 alienet·

205 3929 362 4007 turpinum
388 3929 527 4011 praemia
553 3931 704 3989 instituta
730 3930 771 3991 ob
800 3931 930 3991 nimiam
952 3948 1074 3995 eorum·
1090 3932 1296 3993 levitatem&

206 4011 446 4091 simplicitatem
463 4029 668 4076 contemnere
685 4014 775 4075 visus
790 4031 890 4094 esset,
913 4020 977 4098 jam
997 4014 1157 4079 Solonem
1175 4032 1296 4097 respon·

206 4094 280 4167 dere
295 4096 403 4178 jubet:
422 4088 521 4178 Ἀλλ’,
544 4090 699 4181 siderent,
724 4096 782 4164 ode
797 4097 917 4182 ispali
928 4096 965 4165 rai
978 4100 1128 4185 διδόμενα
1138 4095 1227 4183 ἧμιῐς
1239 4094 1293 4163 dat

203 4182 373 4264 βλέπομεν·
393 4189 485 4248 τοῦτο
501 4184 555 4265 μὲν
571 4181 629 4270 γάρ
642 4185 704 4249 ἔστι
717 4192 823 4269 σημεῖα
836 4192 891 4270 τῆς
905 4189 994 4269 νίκης
1005 4202 1069 4251 stc.
1091 4210 1154 4249 non
1168 4184 1290 4249 nudam
