2678 4800
347 425 388 474 nr
412 391 462 474 nra
488 423 664 505 aursana
691 426 922 486 cornum-isc,
1063 392 1065 404 ⁸
1095 404 1172 490 653

138 651 140 655 Ι
157 573 237 645 End.
253 579 275 637 1.
294 581 343 642 11·
371 575 475 661 Τρίτος
489 569 597 681 ἄλλος)
617 573 648 634 Ε
659 577 750 667 servis
764 579 923 659 quispiam¹
954 577 1065 647 Biton.

158 695 235 778 Pag.
251 699 324 763 252.
339 698 362 758 l.
374 702 401 760 1.
426 693 488 758 Kal
499 701 556 760 τοῦ
567 697 687 779 πηλοῦ)
708 693 805 755 Licet
816 696 1020 760 'omnesEdd.
1032 698 1173 762 babeant

69 783 122 847 καὶ
138 776 198 844 sind
217 789 273 844 τοῦ
294 786 394 860 πηλοῦ
401 811 415 852 ,ν
434 793 465 840 et
480 779 516 840 in
531 777 633 840 Codd.
653 773 780 863 quoqne
802 774 1019 844 dnd'inveniri
1028 784 1169 864 credam,

70 866 147 950 quia
164 863 248 923 nihil
268 863 456 925 variationis
474 879 619 925 notatum
642 862 793 939 invenie,
817 866 921 926 tamen
948 866 1063 947 ejicere
1077 891 1171 948 prae·
1198 937 1200 951 1

68 949 267 1033 positionem
291 952 399 1007 nullus
418 948 583 1024 dubitavi,
606 963 781 1028 praeeunte
802 948 946 1031 margine
957 951 1002 1017 A.
1020 958 1047 1018 1,-
1064 954 1116 1027 ,Wr
1134 954 1170 1015 in

69 1058 132 1121 qua
150 1032 281 1093 Codicis
294 1033 392 1093 lectio
408 1048 474 1093 erat
487 1047 607 1108 notata,
632 1053 713 1113 quae
728 1026 790 1097 sind
807 1035 986 1108 omitterem
1011 1050 1078 1096 tum
1093 1041 1170 1122 quia
1193 1074 1201 1090 ν

10 1150 15 1157 ·
69 1110 926 1207 οιτονὶιιίῑῐοτίλὶοοοοῐοτίωτοηοοαοῦπὸτηνλίνη.
959 1121 1003 1179 Et
1020 1124 1169 1183 certain.
1208 1172 1212 1187 ,

10 1228 15 1242 ’
68 1213 198 1288 elegans
217 1217 297 1263 esset
314 1201 395 1260 illud
419 1201 468 1262 bis
482 1201 654 1283 repetitum
667 1196 746 1279 ὖπᾶ·
767 1200 869 1263 immo.
885 1206 936 1264 rel
952 1207 1054 1264 solum
1072 1207 1099 1265 si
1114 1228 1173 1283 ee-¹

10 1297 15 1308 ‘
66 1299 120 1352 set'
132 1285 212 1349 illud
225 1286 314 1367 prius
327 1282 398 1361 ὖπὸ,
421 1287 480 1347 vix
497 1286 687 1346 concinnam
702 1287 879 1347 orationem
895 1285 1043 1364 efficeret,
1057 1292 1182 1357 etiem-5

66 1377 94 1437 si
109 1369 253 1454 analogis
269 1371 425 1452 exemplis
443 1370 591 1432 videatur
609 1391 703 1451 posse
718 1369 868 1446 defendi,
894 1391 975 1453 quae
992 1372 1095 1435 tamen
1107 1396 1168 1439 re-

40 1483 150 1537 ·reor,
163 1471 200 1516 ut
214 1456 290 1515 satis
306 1456 373 1516 sint
390 1455 627 1516 convenientia.
659 1453 721 1516 sed
737 1453 826 1534 quod
840 1457 940 1539 magis
959 1457 1063 1516 audax
1077 1460 1187 1522 vide.¹
1240 1524 1248 1545 Ι

64 1544 172 1619 bitur,
197 1537 379 1628 ἄναπλησθῇ
401 1561 460 1622 pro
477 1537 663 1625 ἀναπλασθῇ
676 1537 767 1615 dedi,
792 1541 1080 1604 meaauctoritate.
1124 1545 1168 1605 Ar

65 1635 168 1710 ejecta
183 1626 398 1707 praepositio,
423 1646 549 1702 sensus,
574 1639 606 1686 et
621 1623 818 1706 comparatio
834 1646 904 1685 cum
919 1626 1033 1686 calceis
1048 1644 1168 1708 postp-

62 1715 166 1786 labat,
190 1726 226 1771 ut
247 1711 310 1771 luto
329 1711 461 1793 oppletus
482 1709 658 1789 diceretur,
680 1709 783 1771 veluti
805 1710 903 1771 calcei
920 1712 1034 1772 solent.
1078 1712 1165 1790 Scio,

64 1798 200 1860 verbum
211 1795 333 1860 πλάσσω
348 1798 380 1857 et
399 1791 581 1860 ἆναπλᾶσσω
595 1815 689 1876 saepe
701 1817 776 1854 ‘cum
794 1794 856 1855 luto
873 1795 1038 1877 conjungi,
1063 1796 1167 1856 borni.

65 1905 188 1965 nesque
201 1880 278 1940 hinc
292 1878 450 1959 πλάσματα
468 1887 569 1965 πηλοῦ
575 1927 584 1956 ,
605 1883 754 1964 figmenta
771 1880 841 1954 luti,
864 1879 986 1959 vocari.
1031 1879 1092 1941 Sed
1110 1881 1181 1941 ist-3

64 1969 131 2028 boc
146 1968 250 2046 ipsum
270 1963 383 2039 scribis
397 1965 505 2025 fraudi
527 1966 602 2028 fuit.
649 1963 737 2046 Quid
753 1972 870 2037 autem,
889 1982 1024 2046 quaeso,
1043 1964 1164 2048 fingere,¹
1216 1971 1219 1976 ’

64 2057 204 2137 rqingere
222 2048 277 2123 bic
289 2069 360 2107 cum
383 2049 497 2108 calceis
515 2070 690 2109 commune·
703 2047 824 2108 habet?
855 2049 933 2111 bine
953 2070 1034 2130 opus
1050 2049 1167 2134 figuli·-

63 2159 143 2196 num
159 2133 258 2192 sunt?
282 2132 422 2192 Facilius
435 2132 530 2215 hujus
547 2133 735 2192 mutationis
750 2133 873 2192 veniam
890 2134 1173 2218 impetrabo‚'quo'

63 2220 174 2280 minus
195 2222 293 2277 multa
311 2217 381 2278 sine
401 2218 592 2278 auctoritate
610 2216 712 2278 Codd.
728 2231 783 2277 aut
804 2216 889 2280 Edd.
907 2217 1028 2302 antiqq.
1046 2240 1166 2282 novare

63 2308 166 2365 soleo.
197 2301 258 2364 Sed
273 2302 366 2362 venia
381 2305 443 2384 jam
459 2301 543 2363 nihil
562 2325 642 2385 opus
656 2317 719 2362 est:
743 2303 907 2386 recognita
924 2305 1008 2364 enim
1024 2301 1073 2365 ed.
1086 2303 1164 2370 Alii.

57 2387 163 2450 video
182 2387 215 2445 in
232 2386 372 2491 margine
389 2407 518 2468 quoque
536 2385 720 2474 ἇναπλησθῇ
735 2402 894 2466 notatum,
916 2387 1037 2454 Rnrrz.
1080 2389 1164 2448 Puto

64 2487 186 2535 rectum
201 2493 277 2549 asse,
292 2469 352 2536 ond
368 2478 425 2536 cori
436 2479 535 2553 πηλοῦ
548 2470 740 2558 ἀναπλασθῇ,
754 2497 774 2531 a
787 2471 850 2532 luto
865 2471 1031 2534 obducatur
1043 2489 1070 2533 et
1085 2471 1166 2534 ohli-

63 2574 161 2632 nntur,
186 2571 278 2639 atque
292 2557 372 2616 adeo
387 2557 555 2640 subigatur
568 2556 806 2642 refingaturque
823 2555 1057 2636 quodammodo
1073 2580 1113 2620 ex
1127 2558 1165 2620 tia

38 2710 46 2721 ,
64 2643 211 2717 notione,
225 2663 318 2722 quarn
333 2640 428 2703 habet
445 2639 618 2723 ἐμπλάττειν
634 2640 719 2725 a'pud
728 2640 872 2703 Herodot.
889 2642 932 2719 ΙΙ,
942 2650 992 2710 75.
1004 2640 1041 2705 de
1057 2640 1164 2704 Phoe-

64 2728 152 2788 nice:
184 2740 216 2787 et
235 2721 410 2802 ἀναπλάσας
433 2726 471 2788 de
502 2728 640 2808 collyrio
672 2725 757 2808 apud
779 2727 921 2788 Nostrum
949 2727 1041 2791 Alex.
1061 2749 1087 2788 c.
1107 2735 1163 2804 21,

64 2812 170 2876 Grau.
218 2809 389 2891 Quomodo
414 2811 447 2869 in
466 2810 569 2875 Codd.
586 2813 697 2872 Perias.
717 2815 858 2893 legatur,
881 2834 947 2872 non
971 2812 1092 2892 liquet:
1116 2812 1166 2873 si-

63 2897 167 2958 lentio
177 2895 277 2955 Belini
285 2916 385 2975 paene
397 2917 435 2956 eo
444 2894 596 2974 adducor,
606 2894 772 2978 uteredam
781 2895 925 2957 Solnniet
934 2895 1165 2958 Reirziilsctio.

61 3003 133 3043 uem
151 2980 217 3039 illis
239 2978 430 3040 confirmari.
474 2981 518 3039 Et
535 2980 742 3042 Gorlitiensis
761 2983 895 3040 collator
917 2994 1010 3044 tacet.
1055 2979 1166 3064 Quid-

63 3064 143 3149 quid
165 3066 226 3140 sit,
260 3064 393 3124 omnino
421 3063 586 3127 subscribo
618 3057 737 3126 Gesneri
761 3063 901 3144 judicio:
935 3064 1055 3127 comica
1077 3065 1163 3127 enirn

64 3148 217 3234 quaedam
239 3148 289 3209 vis
310 3148 394 3208 inest
417 3148 451 3208 in
479 3149 577 3212 verbo
597 3143 854 3226 ἀναπλάττεσθαι,
879 3146 965 3231 quod
988 3149 1015 3207 si
1040 3148 1162 3225 nificat,

60 3233 292 3318 philosophum
310 3249 473 3308 nostrum,
499 3257 586 3296 nunc
605 3234 778 3310 nitentem,
800 3239 960 3314 moxluto'
974 3172 1161 3310 obductum,

60 3325 158 3402 plane
172 3319 326 3380 diversam
346 3319 480 3378 formam
503 3340 578 3400 prae
601 3342 633 3381 se
648 3324 787 3378 laturum
808 3340 884 3381 esse.
930 3316 1051 3378 Contra
1068 3317 1095 3376 si
1115 3320 1164 3381 le-

62 3426 117 3487 gas
131 3410 188 3467 rori
199 3410 301 3483 πηλοῦ
317 3400 516 3490 ἆναπλησθη,
541 3403 702 3465 offendere
718 3425 845 3464 necesse
862 3415 925 3479 est,
951 3400 1037 3486 quod
1055 3401 1163 3463 statim
1216 3400 1220 3407 ’
1316 3456 1321 3469 ,

59 3488 208 3570 sequitur
221 3489 255 3547 in
272 3487 380 3549 eadem
400 3490 625 3551 enuntiatione
645 3485 762 3570 κόρεων
778 3482 939 3562 siroialense.
985 3484 1083 3569 Quod
1101 3486 1165 3575 au:¹

60 3588 124 3634 tem
149 3574 184 3632 in
208 3595 304 3655 marg.
327 3575 367 3633 A.
392 3582 419 3640 1.
435 3574 498 3635 .W.
521 3588 666 3634 notatum
691 3589 739 3634 est
759 3580 817 3638 rori
835 3580 938 3654 πηλοῦ
958 3565 1166 3659 ἆναπλησθηῖ,“
1209 3650 1218 3663 j
1289 3602 1292 3609 ·

58 3658 140 3718 mihi
162 3657 306 3739 quidem,
331 3657 411 3717 dum
430 3657 469 3720 de
492 3657 594 3720 Codd.
620 3659 732 3721 Pariss.
760 3674 791 3718 et
814 3657 902 3720 Gorl.
930 3679 997 3716 nou
1023 3662 1161 3743 constet,

59 3747 243 3824 conjectura
262 3744 373 3824 potius
390 3744 499 3804 nescio
519 3746 608 3825 cujus
627 3743 689 3803 viri
711 3740 816 3822 docti,
840 3763 931 3825 quam
947 3740 1035 3804 varia
1048 3739 1158 3824 lectio,
1195 3753 1197 3760 ’
1225 3774 1229 3787 ·

59 3847 126 3888 esse
141 3825 279 3888 videtur.
313 3829 432 3891 Lunna.
701 3825 704 3834 “
947 3826 950 3839 '
1082 3820 1088 3835 ⁸

143 3917 262 3989 Ead.1'.
280 3936 310 3995 2.
340 3923 427 3992 ‘Yrrd
453 3935 492 4012 τῇ
513 3930 620 4011 κλίνη)
642 3927 780 3990 Laudat.
795 3929 826 3989 h.
840 3932 862 3994 l.
881 3924 1006 3996 Cassiod.
1023 3929 1062 3991 ad
1077 3925 1158 3997 Sue'r.

55 4032 88 4094 p.
108 4020 180 4081 167.
204 4013 348 4073 Eandem
364 4014 633 4096 comparationem
649 4015 724 4074 alibi
741 4016 856 4096 repetit
875 4015 1000 4078 Lucina.
1022 4017 1156 4079 Bounu.

141 4132 220 4195 End.
234 4136 256 4192 l.
274 4140 322 4199 12.
345 4129 467 4220 Αὑτοῦ)
491 4133 611 4196 Omnes
623 4131 694 4196 edd.
711 4131 806 4201 αὐτοῦ
824 4135 901 4230 spir,
916 4133 1001 4219 leui3
1023 4135 1079 4200 ,ed
1096 4154 1157 4231 ⁰5⁰
1249 4150 1257 4157 v
1288 4124 1289 4128 ,

52 4217 231 4301 adspiravi,
253 4218 376 4282 Rerrz.
