2686 4980
200 400 276 472 668
467 378 1048 459 torturas-rottae¹

201 581 278 626 tram
292 557 394 625 fuisse
412 556 445 615 in
461 575 539 628 usu,
560 554 612 611 vel
629 555 829 632 crystallum,
851 550 906 613 setl
925 551 1020 615 cretio
1032 554 1151 637 potius
1168 558 1311 625 vitrum

201 669 274 706 nam
293 641 476 722 crystallina
497 639 611 718 pocula
627 635 821 716 pretiosiora
844 651 1069 721 erant,-quam
1081 655 1120 698 ut
1136 642 1311 707 Graeculi.

203 730 270 790 dari
287 733 441 795 solerent,
464 743 573 781 aurum
588 735 618 779 et
634 736 799 800 argentum
821 720 906 780 enim
923 723 1031 784 vilius.
1076 725 1171 807 Ergo
1189 743 1229 787 ut
1242 750 1310 791 uotr

201 814 349 874 biberent
371 810 456 868 vitro
480 820 717 883 transparente‚
741 806 775 862 in
799 827 862 884 quo
886 806 1032 866 illaudati
1047 807 1120 867 vini
1140 816 1238 871 color
1251 813 1311 876 tle-0

202 894 475 981 prehendebstnr‚
499 910 571 947 cura
589 889 630 945 iis
645 903 710 948 erat
725 888 922 962 adhibenda,
944 905 981 948 ut
995 891 1147 953 biberent
1163 916 1247 958 auro
1262 903 1309 967 vel

203 994 346 1064 argento.
392 973 454 1036 Sed
473 995 512 1031 an
530 971 609 1031 illud
624 973 741 1031 vitrum
759 973 870 1033 fossile
882 974 993 1051 fuerit,
1017 975 1139 1056 dequo
1158 978 1305 1044 Herodes.

203 1071 240 1128 L.
252 1064 312 1122 Ill.
329 1081 368 1119 an
385 1081 461 1118 vero
476 1058 550 1138 igne
566 1057 822 1129 elaboratum,ut
836 1056 920 1138 s'pud
938 1058 1172 1129 nostlubium.
1198 1068 1305 1130 Pau.

204 1146 293 1231 Quid
318 1145 450 1217 mirum,
485 1144 602 1199 vitrum
636 1147 697 1220 jam
722 1143 756 1199 in
786 1162 847 1200 usu
873 1143 973 1204 fuisse
993 1144 1131 1205 Lucioni
1151 1162 1304 1231 tempore,

204 1236 295 1311 cujus
313 1229 409 1289 etiam
432 1231 533 1285 multo
557 1226 754 1308 antiquiores
778 1226 1006 1303 meminerunt,
1028 1245 1066 1288 ut
1088 1230 1176 1293 Hor.
1203 1236 1232 1296 Ῑ.
1250 1235 1304 1300 Otl.

206 1326 255 1385 18.
277 1315 299 1371 f.
323 1314 499 1394 Arconiquc
513 1310 596 1394 fitlcs
610 1308 745 1392 -protliga
771 1310 952 1391 perlucidior
974 1317 1058 1376 uitro.
1104 1316 1233 1383 Luem,
1252 1321 1303 1381 IV.

204 1424 235 1483 p.
253 1406 323 1464 127.
340 1396 389 1457 ed.
408 1395 510 1480 Gijirn.
537 1394 649 1471 Qualia
661 1411 728 1453 sunt
740 1398 820 1469 vitri,
842 1400 950 1478 species
964 1421 1039 1480 putre
1052 1404 1192 1463 transeut
1207 1408 1308 1465 ornetis.-

205 1484 331 1548 Calices
353 1496 457 1540 autem
474 1479 593 1544 vitreos
612 1481 731 1538 Romae
746 1483 839 1559 pulso
860 1500 938 1540 auro
953 1501 1049 1562 atque
1072 1502 1214 1566 argento
1229 1509 1304 1549 con.

205 1572 324 1636 sectos,
349 1568 500 1644 crystallo
517 1563 665 1638 viliores,
688 1575 720 1621 et
734 1564 901 1646 perexigui
924 1567 1037 1644 pretii,
1061 1575 1235 1652 multaque
1247 1575 1302 1633 alis

206 1655 244 1712 tle
262 1653 345 1711 vitto
360 1649 458 1725 tradit
477 1646 605 1706 Salmas.
622 1647 653 1703 in
671 1646 754 1707 Ptin.
770 1648 912 1711 Exarsit.
931 1670 960 1725 p.
978 1657 1052 1717 769.
1068 1666 1102 1711 et
1120 1656 1214 1716 alibi.
1254 1660 1323 1718 De:

206 1736 395 1797 inventione
418 1731 495 1790 vitri
517 1735 568 1788 rel
590 1731 677 1788 mille
693 1751 793 1790 annos
810 1747 883 1791 ante
899 1734 1064 1793 Christum
1081 1751 1217 1811 natum,
1239 1740 1298 1804 vid.

205 1822 380 1882 Nlemoires
401 1817 440 1876 de
456 1814 638 1873 Literature
651 1818 678 1872 T
682 1863 689 1878 ,
705 1816 731 1873 Ι.
750 1836 779 1893 p,
798 1817 1114 1884 testamcutum
1131 1838 1240 1887 autem
1255 1826 1300 1887 6,·-

205 1907 268 1966 bere
281 1909 310 1964 in
327 1927 400 1962 auro
417 1921 473 1978 pro
495 1923 550 1975 car,
577 1913 638 1955 tam
657 1899 796 1979 Latinis,
821 1923 914 1983 quam
930 1903 1060 1964 Graecis
1074 1905 1216 1982 usitata,
1240 1908 1296 1972 vid.

206 1989 306 2070 Caper.
324 1988 400 2045 Obs.
416 1986 454 2043 L.
470 1992 499 2048 9.
517 2005 542 2043 c.
558 1992 585 2049 8.
603 1998 634 2040 et
650 1983 791 2041 libellum
815 2002 956 2045 nostrum
970 1986 1008 2047 de
1026 1988 1119 2049 Arabi
1147 1993 1210 2057 uis.
1253 1996 1297 2054 Its

203 2073 344 2133 vicissim
361 2073 391 2133 ἐν,
409 2090 466 2149 pto
486 2070 516 2130 lv
538 2067 646 2127 Strabo
662 2068 688 2126 Ι.
706 2089 738 2147 p·
755 2077 781 2135 4.
801 2068 855 2151 (ab
877 2069 925 2154 2.)
948 2074 1007 2134 Καὶ
1023 2071 1094 2147 τοὺς
1114 2080 1244 2159 uotique
1257 2086 1296 2142 lt·

201 2159 366 2237 λονμένονς
386 2157 414 2229 ἐξ
430 2149 587 2216 Ὠκεανοῦ
608 2154 697 2235 λέγει·
723 2169 757 2211 ut
780 2156 842 2212 alia
869 2156 1022 2216 omittam.
1069 2159 1217 2223 Similem
1236 2164 1294 2223 feto

202 2262 347 2322 praepos.
370 2238 634 2320 permutationem
657 2234 722 2297 vid.
737 2260 820 2297 mox.
865 2240 1013 2300 Ceterum
1031 2250 1087 2306 τοῦ
1099 2248 1193 2310 οἴνου
1208 2246 1294 2307 aldi.

201 2342 267 2385 tum
285 2333 326 2411 τῷ
343 2331 442 2388 πίνειν
460 2322 492 2379 in
509 2342 605 2404 marg·
625 2321 669 2382 Α.
688 2328 716 2386 1.
737 2322 783 2383 W.
808 2322 867 2383 Sed
887 2329 991 2406 glossa
1005 2327 1116 2406 potius
1131 2345 1193 2407 est,
1211 2352 1300 2411 quau-

200 2411 327 2470 varians
341 2409 448 2468 lectio.
479 2408 598 2467 Rus-z.
643 2411 752 2469 Hivsrv
772 2399 911 2471 lv'etism
934 2410 1294 2492 Diall.Deorr.VI‚2‹

202 2495 356 2570 occurrit,
378 2492 436 2551 ubi
458 2505 573 2550 temere
593 2504 771 2558 tentatura
791 2491 907 2555 Beliao.
950 2494 1081 2556 Praeter
1097 2495 1256 2580 Cuperum,
1277 2520 1293 2559 ι

199 2577 317 2639 Reitzio
331 2577 507 2647 laudatum,
518 2573 592 2633 vide
604 2576 698 2633 etiam
710 2575 849 2657 Vigerum
866 2576 905 2635 tle
920 2577 1031 2639 Idiott.
1046 2589 1163 2661 p.610.
1180 2586 1293 2649 Lanu,

283 2661 360 2720 Earl.
376 2663 438 2726 1.5.
459 2655 518 2730 Ὣς
533 2655 572 2736 μή
589 2660 752 2740 ἐλεγχθείη)
773 2662 812 2721 In
829 2660 932 2722 vitreo
948 2665 1048 2724 calice
1065 2665 1192 2734 bibens.
1214 2670 1297 2733 Mor·

115 2760 119 2778 '
198 2742 264 2806 titii.
279 2744 393 2804 Prodat
404 2746 574 2825 perspicuus
589 2768 623 2801 ne
639 2743 697 2804 (luo
708 2749 778 2805 vinu
793 2745 889 2806 calix.
916 2748 1026 2809 Boon.

284 2829 361 2889 End.
377 2833 398 2890 l.
416 2835 446 2893 7.
465 2826 506 2891 ‘O
522 2825 613 2907 παῖς)
637 2828 741 2890 Seruus
751 2847 854 2913 potum
869 2834 1048 2896 ministrans.
1080 2838 1195 2902 Btton.
1230 2880 1238 2885 --
1297 2885 1302 2897 .

283 2913 360 2974 Eutl,
376 2918 395 2973 l.
412 2920 440 2981 8.
468 2907 545 2976 Οὐδ’
562 2909 657 2976 rii'ttvrt
671 2915 787 2989 ἔοικεν)
812 2914 903 2980 Hom.
924 2917 962 2975 Il.
983 2925 1113 2995 ³15,430,
1146 2924 1275 2990 som,

282 2997 359 3058 Eatl.
376 3002 464 3062 [110.
485 2992 586 3060 ’Ὅταν
608 3005 656 3072 σε)
678 2999 797 3059 Omnes
820 2998 888 3063 edd.
911 3005 992 3061 male
1014 3000 1088 3069 t‘r'ro'rv
1104 3028 1150 3074 oe.
1198 3010 1294 3095 Quttl

198 3083 346 3146 enclitica
371 3083 472 3162 possit
494 3084 638 3162 trajicere
659 3098 824 3145 accentum
846 3084 880 3143 in
905 3085 1098 3151 vocabulum
1113 3110 1296 3175 paroxptu-

196 3191 284 3228 num.
330 3166 455 3226 lVlillies
469 3181 573 3224 tamen
587 3167 633 3225 sie
648 3183 801 3247 peccatur
821 3168 856 3226 in
872 3169 1006 3229 aliorum
1019 3174 1117 3235 etiam
1129 3194 1295 3241 auctorum

196 3252 288 3314 editt.
307 3251 442 3309 maxime
456 3250 490 3307 in
508 3249 651 3326 scholiis,
677 3275 746 3311 cum
765 3266 868 3312 tamen
883 3252 948 3313 duo
960 3271 1111 3319 accentus
1125 3264 1218 3325 scuti
1232 3286 1295 3325 non

198 3351 317 3419 queant
337 3354 491 3414 occupare
514 3329 591 3393 duas
606 3336 741 3414 syllabas
756 3338 943 3420 contiguas,
967 3338 1022 3401 sed
1038 3364 1174 3409 vacuam
1189 3348 1296 3411 deesse

196 3442 263 3483 csse
284 3411 520 3490 intermediam
548 3419 635 3500 quod
649 3418 764 3480 ¹tamen
784 3442 850 3481 non
867 3444 1005 3502 operose
1025 3448 1210 3508 monerem,
1233 3432 1296 3493 nisi

195 3505 336 3565 viderem
358 3502 452 3563 etism
477 3501 575 3564 bodie
600 3503 686 3564 viros
711 3505 823 3583 doctos
844 3524 995 3588 persaepe
1009 3508 1050 3581 ‚in
1066 3515 1293 3581 encliticomm

195 3604 329 3650 accentu
353 3603 438 3646 recte
460 3586 647 3647 collocando
673 3588 825 3650 aberrare.
871 3591 925 3653 Sio
946 3614 1041 3674 supra
1055 3618 1081 3661 c.
1101 3596 1295 3685 &quaque

194 3678 276 3733 male
295 3672 446 3734 edebatur
470 3667 565 3749 ὥςπὲρ
580 3695 637 3748 τις,
662 3673 747 3752 quod
763 3674 912 3737 similiter
933 3680 1140 3753 correximus.
1171 3688 1307 3763 llum„

194 3759 270 3819 Non
295 3772 361 3817 erat
378 3754 619 3837 corrigendum,
643 3755 671 3814 si
695 3752 848 3818 distincte
866 3755 907 3833 ὥς
927 3764 981 3842 πέρ
995 3788 1041 3838 τις
1054 3770 1293 3847 pronunfflbg..

195 3857 248 3902 tur
266 3857 296 3902 et
313 3839 518 3901 scribebatur.
562 3839 676 3920 Neque
697 3838 776 3900 adeo
792 3843 825 3900 in
842 3837 886 3906 ὅτ’
901 3840 940 3909 t’iu
958 3872 1012 3924 περ
1029 3866 1170 3914 accentu
1184 3855 1220 3915 in
1235 3872 1294 3913 me·

195 3924 247 3987 dia
266 3946 370 3984 carere
386 3945 559 4003 possemus,
583 3923 609 3982 si
624 3924 694 4005 quis
711 3924 753 3983 ita
768 3927 903 3989 seribere
916 3945 948 3991 et
962 3938 1178 4012 pronuntiare
1192 3942 1295 4001 veltet

194 4015 237 4070 At
257 4030 352 4090 quum
371 4008 485 4091 ὥςπερ,
509 4009 580 4074 ὅταν
595 4022 627 4068 et
641 4009 759 4070 similis
773 4009 928 4073 vocabula
944 4037 999 4096 pet
1011 4022 1160 4083 usumin
1175 4046 1295 4106 eampo.

195 4099 318 4158 sitorum
333 4115 498 4154 numerum
512 4093 735 4170 redacta'sint,
759 4094 877 4174 rectius
891 4096 930 4158 ad
942 4104 1181 4185 regulsmoam,
1204 4126 1295 4192 quart

195 4178 330 4248 Roirzius
358 4194 469 4265 urget,
490 4194 661 4245 revocatur
682 4178 857 4263 scriptura,
880 4182 926 4247 ita
949 4198 986 4245 ut
1008 4189 1072 4271 jam
1092 4188 1296 4279 scribetttlun
