2678 4800
190 370 266 441 642
458 376 484 424 a
511 375 535 423 n
562 373 586 421 n
613 370 693 444 un
716 371 739 418 a
766 371 829 453 T}
856 369 932 437 on
958 360 1026 419 οε

189 540 292 601 Recte
313 525 472 592 Latinuer
504 520 599 583 donec
626 518 822 603 imprudentes
848 517 938 581 emin
965 520 1123 581 οεηαπίπι.
1161 516 1290 579 Garun.

181 633 292 704 ’Ἄμφω
305 618 361 680 W.
377 612 418 676 L.
433 610 469 670 P.
483 608 532 670 Fl.
547 621 580 668 et
593 607 663 666 Par.
680 621 776 667 recte.
820 605 979 688 Reliquae
992 600 1096 688 ἄφνω.
1116 602 1251 671 Sanan.

277 716 356 781 Εοδ.
371 719 393 774 l.
409 720 458 779 12·
475 706 627 786 Ἔξαροι)
649 706 696 766 Ut
708 706 826 788 passim
845 707 880 765 in
894 704 998 769 Diali.
1025 708 1146 772 Mortt.
1162 720 1199 769 et
1212 703 1292 783 alibi,

193 819 308 872 centn
325 797 425 874 ἄνθος
440 792 529 879 ὥρας.
550 793 682 854 Luciun.
698 792 786 854 alibi.
811 793 901 852 Dion.
919 790 954 851 iu
967 791 1071 855 lulio.
1093 792 1237 854 Bonan.

279 916 357 983 Εαδ.
372 920 394 977 l.
411 919 462 981 14.
486 913 572 992 Πίρα
586 917 641 990 τῆς
655 906 796 993 έίπίδος)
818 908 970 972 Viderint
985 910 1054 972 alii.
1100 912 1178 995 Ego
1198 912 1291 997 legen.

196 1012 406 1074 dumcenaeo
427 993 503 1082 παρ’
527 996 641 1062 ἐλπίδα.
666 998 793 1056 Socer.
840 995 926 1077 Quia
947 1008 1100 1055 constane
1120 1008 1175 1055 eat
1197 998 1292 1075 lentie,
1331 982 1334 1003 '

195 1094 282 1158 nihil
311 1085 452 1158 mutavi;
489 1080 618 1142 interim
646 1078 759 1141 Solane
787 1076 951 1141 adsentior
970 1078 1098 1163 jubenti
1118 1076 1209 1165 παρὰ
1229 1080 1293 1165 legi.

196 1181 281 1244 Nam
301 1171 364 1233 etri
387 1168 472 1229 infra
488 1187 558 1249 cap.
575 1171 626 1232 24.
641 1161 723 1225 med.
747 1178 832 1225 recte
852 1168 992 1247 legatur,
1015 1166 1096 1244 πέρα
1110 1172 1173 1231 τοῦ
1185 1168 1296 1249 μετρίας
1330 1164 1334 1245 i

195 1269 336 1350 ἔχοντος,
358 1275 394 1315 ac
408 1249 542 1335 perinde
554 1249 617 1326 ait,
640 1262 787 1309 vertaene
801 1248 859 1325 ibi,
879 1248 1156 1331 praetermodum,
1181 1272 1239 1330 au,
1258 1248 1293 1312 nl
1332 1268 1334 1295 ³

195 1368 244 1413 rra
259 1340 396 1412 morium,
420 1352 451 1398 et
464 1335 519 1396 hic
534 1354 664 1418 quoque
677 1334 753 1415 πέρα
768 1338 823 1413 τῆς
839 1335 958 1408 ἐλπίδος
972 1333 1054 1394 verti
1076 1348 1197 1418 queat,
1215 1358 1296 1419 prce-

194 1453 239 1498 ter
251 1450 349 1513 spem3
372 1439 477 1483 tamen
494 1439 559 1481 non
576 1417 660 1478 idem
672 1431 720 1477 est
732 1421 808 1499 πέρα
821 1415 910 1500 quod
923 1413 1023 1499 παρδ,
1048 1418 1131 1501 quin
1149 1422 1247 1503 plane
1259 1418 1295 1480 ti·

197 1533 309 1581 vernae
325 1511 368 1570 ait
386 1527 508 1578 aeneus,
533 1525 618 1576 cum,
634 1503 710 1585 πέρα
723 1508 776 1582 τῆς
798 1504 916 1576 ἐλπίδος
937 1502 963 1562 ai
985 1507 1084 1587 legar,
1107 1502 1295 1589 significaret

198 1602 373 1673 Lucicnna,
396 1612 451 1654 eoa
478 1588 512 1648 id
535 1587 682 1672 quidem,
705 1585 792 1670 quod
813 1600 1036 1668 speraverant,
1060 1586 1221 1671 adeptor,
1249 1586 1292 1651 ael

199 1685 286 1749 nihil
301 1685 395 1741 ultra.
440 1674 567 1738 sivero
580 1669 663 1756 παρδ
675 1672 801 1755 legerit,
824 1670 1039 1754 significabit,
1064 1694 1120 1735 eoa
1137 1672 1226 1735 nihil
1239 1678 1292 1757 eju
1333 1708 1335 1727 ι

201 1770 348 1850 adeptor,
365 1758 453 1845 quod
468 1770 692 1839 speraverant,
716 1755 771 1815 aed
793 1777 849 1839 ape
869 1776 954 1816 mera
974 1759 1123 1836 luctatos,
1148 1759 1233 1838 rive,
1254 1778 1295 1821 eut
1333 1784 1335 1795 ·

201 1854 288 1916 nihil
306 1847 370 1909 niti
393 1866 480 1926 spem
504 1842 684 1923 accepias03
714 1856 746 1902 et
766 1839 829 1902 hoc
854 1840 970 1904 voluit.
1001 1842 1127 1902 Rnrrn.
1173 1844 1296 1906 Fallitur

201 1938 344 2001 Reitziua.
368 1932 544 2012 Πὲπρακτοι
558 1923 647 1992 οὐδέν
662 1920 766 2000 αὐτοῖς
776 1923 850 2009 παρ’
869 1926 973 1990 ἐλπίδα
986 1926 1088 1989 foret:
1111 1927 1194 1989 αι’]ιίί
1206 1932 1244 1991 ite
1255 1952 1295 1989 ce

203 2035 320 2085 tument
333 2032 448 2100 praeter·
461 2036 559 2097 rpem,
582 2011 615 2071 h.
634 2032 662 2072 e.
680 2012 787 2073 omnia
811 2010 977 2092 proposita
1004 2011 1048 2072 iia
1070 2013 1117 2073 ita
1144 2032 1295 2076 aucuerre

200 2120 298 2180 runt,
323 2116 359 2160 ut
373 2109 588 2181 eperaverant.
631 2094 730 2178 Quod
756 2109 827 2155 toto
841 2100 933 2155 coelo
956 2095 994 2156 ab
1011 2116 1050 2157 eu
1071 2095 1202 2178 differt,
1225 2093 1292 2183 quui

204 2212 279 2254 vere
288 2190 359 2249 vult
370 2198 492 2244 auctor.
538 2179 659 2241 Contra
673 2182 749 2263 πέρα
761 2185 816 2261 τῆς
829 2181 948 2255 έλπίδος
960 2176 1049 2245 οὐδέν
1060 2175 1171 2258 αὐτοῖς
1181 2185 1293 2266 uineta

204 2302 253 2342 παι
268 2282 329 2335 ert:
352 2269 433 2331 ultre
447 2290 525 2350 spem
547 2268 585 2326 iia
602 2265 679 2326 nihil
696 2281 796 2326 ectum
818 2281 877 2345 ert3
900 2264 933 2327 h.
951 2285 979 2327 e.
1007 2287 1064 2348 per
1087 2281 1194 2329 totam
1212 2269 1291 2331 vitta

205 2359 293 2423 nihil
308 2356 531 2438 perfecerunt,
555 2350 618 2411 nini
640 2365 678 2411 ut
693 2370 779 2432 spem
795 2351 944 2410 foverent
965 2350 1112 2425 inanem3
1138 2370 1291 2438 numqaum

206 2443 295 2506 nacti
310 2453 387 2501 tunt
403 2458 528 2512 revera,
555 2455 642 2517 quae
657 2435 926 2516 concupiverant,
950 2449 983 2496 et
997 2456 1075 2497 vcro
1094 2458 1109 2495 ο
1135 2448 1291 2502 eraverunt.
1327 2500 1331 2509 ,

205 2528 311 2611 quue
323 2524 420 2584 unice
433 2522 533 2582 menti
551 2521 693 2581 auctorit
708 2518 873 2582 convenit.
916 2521 1085 2601 Deceptus
1095 2459 1291 2605 lietratnpe

208 2632 298 2676 nerra
320 2608 474 2690 phraseoe
494 2605 573 2687 πέρα
594 2611 650 2669 τοῦ
661 2609 786 2687 μετρίας
802 2605 921 2685 ἔχοντος
934 2607 1197 2687 comparatione,
1220 2624 1292 2693 quta
1326 2638 1332 2693 5

209 2715 285 2757 caue
309 2689 441 2774 perinde
463 2704 509 2750 est
527 2703 683 2764 verteme,
709 2688 788 2751 ultre
809 2687 948 2767 morium„⁴
965 2711 1016 2768 an,
1039 2706 1160 2772 praeter
1181 2690 1292 2755 maten
1328 2700 1332 2757 ἶ

210 2778 329 2841 Verum
342 2777 436 2835 «inter
460 2774 537 2856 πέρα
556 2780 611 2854 τῆς
629 2775 749 2848 ἐλπίδος
768 2789 799 2836 et
813 2770 886 2855 παρ’
907 2775 1013 2840 ἐλπίδα
1037 2774 1242 2858 aliquantum
1260 2786 1293 2839 cti

210 2860 424 2935 discriminis,
466 2857 552 2939 quorl
576 2873 608 2920 et
629 2858 752 2940 iprum,
783 2873 819 2920 ut
842 2864 905 2941 jann
926 2873 1032 2941 patet,
1062 2858 1187 2925 Reitaic
1206 2856 1292 2923 trrurl

100 3012 103 3017 ,
210 2949 285 3013 tuit.
329 2942 543 3027 Expludenda
561 2943 670 3026 iraque
688 2944 798 3026 potine
823 2946 894 3004 riae
915 2943 1293 3028 ambagibus-eremari

210 3027 1021 3181 {t'tlll‘t’etlttlltltittssmttv‘i‘lit
1034 3030 1294 3184 {titii

210 3222 244 3280 p.
259 3209 344 3279 247,
366 3198 424 3283 qui
438 3210 544 3259 tamea
559 3195 667 3259 Seiani
678 3197 871 3260 sententiam
882 3213 1008 3282 praeter
1024 3199 1193 3263 veritatem
1204 3200 1295 3263 refert.

209 3289 329 3351 Lnnrr.

294 3370 370 3452 Peg.
386 3373 461 3435 240.
477 3370 498 3430 l.
514 3375 543 3435 2.
570 3361 747 3454 Θεραπεδῃ)
768 3366 859 3428 Mihi
880 3366 1028 3452 placebat
1049 3364 1189 3459 θρρεδῃ,
1212 3388 1298 3433 vena·

210 3472 272 3519 tur.
299 3456 404 3516 Gasn.
447 3454 527 3515 Vult
549 3450 637 3512 haud
659 3449 757 3515 dubie
774 3451 914 3517 Gesnerus
937 3451 1073 3535 θηρεύει.
1117 3454 1184 3518 Sati
1203 3467 1298 3517 tuetur

210 3546 372 3626 vulgatam
389 3538 510 3600 Censor
529 3534 607 3600 edit.
625 3534 724 3600 Reitz.
738 3536 773 3597 in
787 3538 817 3598 N
823 3560 894 3599 ovv.
920 3541 1005 3605 Actt.
1027 3537 1153 3602 Erudrt
1173 3560 1200 3605 a.
1218 3540 1298 3608 1745.

209 3645 284 3710 pag.
303 3630 375 3693 258.
390 3636 424 3684 et
444 3636 598 3703 provocat
617 3619 778 3682 adlocuta
797 3620 862 3702 Qu.
880 3624 967 3684 Hiat.
987 3622 1121 3687 Conacr.
1140 3646 1169 3688 c.
1187 3634 1235 3695 13.
1249 3620 1300 3683 nti

208 3708 391 3789 θεραπεύειν
407 3706 519 3768 eodem
537 3726 647 3774 neuen,
673 3725 862 3791 quamquam
882 3709 944 3769 alia
957 3720 1137 3787 structura,
1160 3704 1299 3793 ponatur.

211 3793 274 3855 Sed
287 3792 418 3854 eandem
442 3813 569 3873 prorant
589 3788 740 3872 phrasin,
765 3790 915 3875 idemque
934 3797 1031 3876 plana
1052 3794 1298 3877 significantem,

208 3873 327 3960 ἡδονὴν
342 3875 544 3961 θεραπεύειν,
562 3873 661 3938 ,habes
677 3874 733 3938 Bia
749 3875 864 3939 Accua.
883 3898 911 3942 ο.
929 3886 981 3947 21.
1002 3878 1126 3947 Lurrnr.

234 4077 243 4104 ἱ
292 3995 368 4059 Εοδ.
377 3999 405 4096 11.
422 4002 452 4062 4.
474 3990 606 4098 ’ipim
627 3994 765 4080 legitur
778 3993 935 4099 lriclccue
959 3998 1057 4083 vulgo
1073 3997 1139 4061 ita:
1162 4002 1299 4085 έχίςππ·

206 4080 1297 4253 taterruerit‘timuit‘elitttttttt
