2678 4800
428 210 430 215 ‚
471 180 476 208 ί

314 412 354 463 ru
379 393 431 461 nir
454 400 629 469 uuacrns.
655 410 877 468 CONDUCT18.'
1066 406 1140 481 671
1243 457 1259 466 2

72 565 238 654 ιγγίλοτον·
260 560 314 625 cui
338 550 575 641 emendationi,
597 576 635 622 ut
656 562 858 636 verissimae,
883 559 1062 632 adsentitur
1074 576 1143 634 cla.

72 649 257 716 rs.Bedinus.
279 649 350 713 Bra.
394 645 607 709 Vehementer
620 649 786 727 falluntur,
804 652 860 732 qui
875 651 1142 725 Koeniiblsndam

77 741 261 819 njecturam
276 732 429 815 probant3
453 732 636 813 inquorum
651 755 784 794 numero
797 735 1032 817 juxtaBelinum
1045 743 1142 806 etium

72 821 161 884 cilius
184 834 233 880 est
256 819 290 878 in
313 818 414 879 libro:
445 812 566 878 Div'ers
591 817 703 877 traitc‘s
721 817 760 879 de
778 821 921 890 Lucien,
944 822 1140 906 Xenophon,

73 922 156 967 aton
172 919 203 965 et
219 905 399 982 Plutarque,
422 923 454 983 p.
469 908 558 975 492..
583 921 676 983 quem
690 916 794 979 tamen
810 904 883 963 falsi
899 908 1078 969 testimonii
1092 933 1144 972 ar.

72 992 112 1051 rit
128 989 255 1050 Bestius
278 985 317 1048 ad
334 984 455 1070 Gregor.
481 984 547 1048 Cor.
564 1009 594 1067 p.
612 994 664 1054 26.
681 985 730 1046 ed.
755 985 916 1049 Schaefer.
939 993 1140 1074 referentem,

72 1076 213 1136 :tionem
229 1075 315 1132 illam
333 1079 433 1153 χρῆμα
444 1073 623 1155 παγγέλοιον
638 1091 746 1131 revera
762 1071 796 1129 in
812 1077 987 1136 excellente
1001 1077 1140 1161 quodam

73 1158 275 1221 >dicePsris.
291 1156 443 1218 inveniri.
487 1154 694 1237 Exquisitanr
714 1154 845 1236 phrasin
861 1153 956 1240 ἠρέμα
969 1164 1020 1225 καὶ
1041 1183 1162 1248 τιμον,

73 1258 140 1312 ent,
166 1239 558 1325 quihaecLucianiloca:
587 1240 681 1322 Nigr.
699 1261 725 1300 c.
740 1247 769 1306 8.
794 1243 911 1305 δέδοικα
930 1241 972 1325 μή
993 1267 1141 1330 sospem,
1171 1298 1177 1315 Ι
1252 1257 1279 1305 ..'

98 1325 179 1404 δόξω
199 1330 319 1413 γελοίος
342 1321 417 1389 αὐτοὶ
439 1335 596 1408 μιμεῖσθαι
617 1358 659 1369 -
680 1359 724 1371 -
744 1317 821 1412 κᾷτα
844 1335 1002 1415 προαχθῇς
1021 1328 1142 1416 ἠρέμα
1240 1358 1243 1363 -
1311 1346 1326 1423 c

73 1415 106 1478 τί
130 1409 226 1476 αὐτοῦ
238 1418 426 1493 καταγνῶναι
436 1418 490 1474 τοῦ
505 1408 678 1492 deducto&
692 1408 825 1470 Icarum·
841 1431 866 1470 ο.
879 1417 909 1477 9.
925 1409 997 1488 tigre
1017 1412 1141 1500 ἠρέμα

73 1497 103 1562 ri
126 1497 292 1579 ἄχθεσθαι,
318 1494 401 1555 lbid·
419 1515 445 1557 ⁰·
458 1502 507 1562 27.
530 1498 581 1559 καὶ
602 1502 656 1575 τῆς
677 1491 843 1576 ἆμβρνσίας
863 1488 986 1578 ἠρέμα
1006 1504 1071 1566 καί
1088 1512 1142 1570 τοῦ

73 1577 419 1666 κταροςτταρεγενόμην,
434 1595 493 1640 etc.
513 1603 584 1640 cum
597 1579 661 1640 hoc
677 1594 790 1639 nostro
804 1583 1046 1660 comparaverit.
1072 1587 1140 1647 Sci.
1216 1600 1220 1605 ·

73 1683 118 1730 :et
133 1667 313 1728 denotares
332 1663 489 1747 quandam
505 1664 624 1725 urbane
640 1685 676 1724 nc
693 1663 801 1743 lepide
814 1665 1007 1728 moderatam
1023 1669 1140 1754 grada-

74 1773 175 1829 rnem,
198 1771 260 1834 qua
280 1751 419 1834 gravitas
442 1749 488 1810 rei
505 1749 607 1830 ipsius
626 1771 696 1808 cum
721 1763 808 1832 grata
832 1771 869 1808 ec
892 1771 994 1832 paene
1014 1755 1139 1817 ironica

74 1836 196 1900 adestis
212 1835 399 1918 mitigetur3
425 1833 446 1896 i.
463 1856 489 1895 e.
504 1833 648 1916 proprie:
671 1838 776 1894 sensim
799 1833 1071 1917 ade09.pnullutirn
1090 1824 1141 1901 et·
1168 1886 1171 1891 -

74 1948 119 2002 τις
142 1923 321 2004 quinetiam
331 1919 416 2006 fere,
440 1920 526 2001 quod
544 1933 700 1979 nostrates
721 1919 788 1979 fere
804 1919 935 1996 dicunt,
956 1923 1140 2004 aschgerade

76 2007 134 2082 αίτ,
157 2026 254 2087 sogor.
299 2005 341 2065 H.
362 2009 384 2063 1.
410 2003 662 2064 commemoratis
683 2002 797 2080 modo,
821 2025 903 2085 quae
926 2007 1138 2084 periculosam

92 2091 238 2151 miseram
252 2087 444 2171 philosophi
464 2088 567 2148 nostri
586 2086 807 2147 conditionem
828 2086 1027 2170 indicarent,
1050 2106 1139 2154 nuno

79 2171 207 2257 ficitur,
228 2172 314 2258 quod
332 2177 397 2256 jem
419 2197 524 2254 purum
547 2171 640 2247 absit,
664 2175 734 2255 quin
752 2176 840 2232 etiem
857 2172 1014 2235 ridiculum
1029 2175 1137 2239 videri

75 2257 160 2337 istit}
181 2261 252 2320 vult
268 2275 372 2318 autem
387 2274 508 2334 auctor,
530 2261 664 2317 maxime
677 2255 739 2317 hoc
759 2258 900 2316 omnium
915 2258 1074 2322 ridiculum
1088 2272 1138 2323 τιὸ
1194 2258 1200 2273 “

75 2387 81 2404 .
128 2340 167 2403 In
183 2343 328 2424 proxime
344 2342 549 2424 sequentibus
572 2340 737 2403 Cominius
753 2342 791 2400 ad
807 2343 891 2402 Luc.
903 2334 1001 2409 -AsinJ
1016 2368 1045 2426 p.
1062 2352 1136 2415 312.
1200 2398 1201 2404 ,

77 2436 97 2489 d
118 2423 243 2512 ίίγοντος
256 2430 437 2511 ἐναγίσματα
452 2427 550 2486 scribi
567 2430 639 2486 vult
663 2420 841 2507 ἀγόντων
863 2429 961 2510 ivery„
983 2445 1022 2489 ut
1036 2450 1138 2490 enun.
1239 2422 1242 2435 ’

75 2513 134 2573 ttio
152 2514 284 2573 exsistat
297 2513 453 2582 absoluta,
477 2512 641 2571 intellecto
659 2516 759 2574 τινοῖν.
803 2513 847 2571 At
861 2526 892 2573 et
907 2528 1050 2574 mortuus
1066 2515 1137 2596 ipse
1211 2568 1214 2575 .

75 2596 210 2658 :undum
227 2600 391 2679 vulgarem
410 2611 551 2657 veterum
577 2593 743 2680 cogitandi
763 2596 938 2673 rationem,
961 2621 1053 2683 quam
1071 2601 1136 2663 ὗν.-

75 2707 140 2743 snus
166 2680 369 2763 potissimum
397 2680 432 2740 in
459 2678 598 2742 Charon.
622 2703 649 2742 c.
672 2689 725 2747 22.
747 2679 889 2759 deridet,
920 2680 985 2743 dici
1008 2698 1138 2766 poterat
1165 2699 1187 2757 ¹,

77 2793 122 2832 ειν
140 2768 334 2851 ἐναγίσματα,
365 2766 522 2841 celebrare,
546 2790 646 2847 agere,
674 2765 800 2850 infimius
825 2791 912 2849 suas‚·
945 2790 1135 2852 quamquam
1209 2790 1212 2795 '

76 2873 111 2913 re
134 2873 201 2912 non
222 2851 326 2931 ipsius
348 2865 415 2912 erat
441 2854 607 2930 voluptas,
640 2849 695 2908 sed
719 2852 925 2930 superstitum
948 2856 1134 2935 amicorum.

76 2934 248 2996 tudetiani
271 2937 305 2994 in
321 2934 351 2998 h.
367 2940 388 2996 l.
405 2933 562 2996 desiderat
586 2932 748 3003 Wielcndii
766 2937 934 3018 elegantia,
956 2936 1137 3015 cohaeren-
1200 2942 1203 2947 ’

76 3043 115 3081 tm
131 3020 228 3103 hujus
243 3019 438 3080 sententiae:
461 3015 494 3082 cd
509 3019 562 3101 μὲν
580 3017 638 3102 γὰρ
655 3025 730 3105 λιμῷ
745 3015 871 3096 ξυνόντα
885 3055 927 3068 --
943 3055 987 3068 ·-
1007 3018 1045 3084 cd
1060 3048 1137 3107 παρ·

76 3106 239 3185 τεναομίνα
254 3125 325 3162 cum
347 3105 404 3180 iis,
429 3124 510 3184 quae
524 3104 670 3184 proxime
687 3119 931 3185 praecesserant.
977 3104 1071 3166 Unde
1085 3112 1169 3166 la--
1236 3112 1244 3126 '

80 3212 151 3250 nam
169 3189 351 3270 suspicatur
366 3189 492 3268 aliquot
510 3209 668 3249 versuum.
714 3187 891 3271 Equidem,
915 3190 994 3251 licet
1006 3191 1137 3252 liberio·

76 3297 103 3334 m
122 3273 279 3357 quendam
295 3274 523 3333 sententiarum
548 3295 663 3333 nexum
680 3295 746 3333 esse
770 3273 959 3352 concedam,
982 3274 1067 3334 nihil
1083 3288 1136 3334 ta·

77 3380 109 3420 en
125 3355 285 3433 desidero,
301 3376 359 3418 nec
375 3356 470 3418 video
489 3361 600 3417 saltum
616 3359 805 3418 violentum.
850 3359 982 3420 Esurire
996 3359 1080 3420 enim
1099 3380 1136 3420 ao

80 3445 129 3505 ire
155 3448 217 3527 jam
236 3442 309 3524 cogi
336 3442 757 3507 misellumhomuncionem
778 3447 829 3504 vel
844 3444 928 3505 inter
947 3443 1135 3505 convivium

77 3551 142 3588 tum
171 3527 403 3601 lautissimum,
436 3526 707 3587 demonstraverat
726 3542 836 3588 auctor
862 3549 935 3608 cap.¹
956 3535 1007 3596 26.
1050 3530 1135 3589 Turn

77 3613 127 3673 dit
142 3634 170 3676 c.
186 3619 237 3678 27.
254 3625 287 3671 et
305 3631 350 3691 sq.
370 3609 520 3670 accedere
538 3611 575 3670 ad
595 3610 680 3669 istud
705 3616 822 3671 malum‘
842 3610 967 3674 dolores
981 3611 1157 3697 quosdam.

82 3699 264 3767 molestias,
281 3715 307 3754 e.
325 3716 354 3777 g.
373 3693 458 3774 quod
475 3694 645 3754 humillimi
661 3698 785 3779 generis
802 3696 986 3756 hominibus
1001 3718 1035 3757 se
1048 3711 1135 3777 post·

77 3781 330 3854 siturn,videat,
356 3793 387 3837 et
407 3778 568 3862 obligatus
591 3781 687 3839 etiam
715 3782 757 3839 sit
778 3779 817 3840 ad
834 3780 1030 3855 laudandos,
1053 3802 1135 3862 quos

77 3880 238 3936 ntemnatr
263 3868 320 3938 (et
342 3863 396 3920 hic
415 3862 519 3924 obiter
539 3865 629 3945 quasi
653 3865 823 3941 immiscet,
848 3887 941 3948 quam
962 3864 1135 3931 ridiculum

97 3953 318 4030 spectaculum
342 3946 440 4006 homo
463 3947 543 4009 bene
565 3963 682 4007 unctus
704 3964 735 4009 et
756 3949 838 4010 belle
862 3965 1052 4020 coronatus.
1077 3951 1135 4033 qui

78 4038 131 4094 nul
147 4035 267 4095 esuriat
284 4053 320 4090 ac
334 4032 445 4109 sitiat)
465 4035 550 4113 quod
566 4054 662 4114 porro
681 4032 856 4094 timendum
872 4034 926 4113 sit,
949 4041 994 4114 (c.
1009 4040 1135 4115 ωηο

78 4120 233 4197 ‚otypiam
251 4115 375 4176 domini
392 4116 512 4178 excitet
529 4132 588 4181 etr..
611 4118 728 4178 Lurrnr.
973 4130 976 4139 '

121 4201 202 4264 Ibid.
225 4197 515 4287 Στὴλῃ-νεκοοῦ)
539 4201 591 4267 cf.
608 4221 703 4284 supra
719 4200 857 4266 Charon.
875 4223 903 4266 c·
920 4210 974 4275 22·
1003 4196 1136 4271 Socrui
