2678 4800
209 336 285 408 682
476 334 1039 393 anno-ututoncc

207 507 298 563 locua
314 494 419 556 docet.
465 485 674 551 Saturnalibus
686 499 790 544 antem
806 481 949 546 literatos
962 481 1110 546 hominen
1125 502 1143 545 a
1161 484 1297 555 dominic

209 587 275 646 suis
295 578 407 641 donari
426 575 538 634 solitos
553 571 672 645 fuisse,
697 583 831 628 testatur
846 574 898 629 lex
914 570 969 628 illa
985 573 1086 643 calta,
1111 590 1205 651 quam
1221 572 1300 633 Cro-

208 673 346 729 nosolon
368 665 429 721 fert
454 659 620 718 Cronosol.
643 677 711 732 cap.
733 659 780 720 15.
810 663 870 727 τοῖς
891 655 1144 734 πεπαιδευμένοις
1163 654 1299 722 διπλάσια

208 756 463 836 (praecesserant
480 745 553 801 serui
566 736 737 822 domestici)
759 736 857 804 πάντα
873 741 1057 823 πεμπέσθω·
1079 737 1168 816 ἄξιον
1190 738 1247 827 γὰρ
1261 747 1300 808 δι.

208 842 343 922 pulpitae
361 830 447 894 cluat.
470 828 588 885 LEIIM·

293 915 371 978 llid.
392 912 600 988 Ἐφεστρὶδιον
627 906 761 984 ἄθλιον)
792 909 914 970 Dixere
935 910 1028 969 Persii
1053 908 1300 988 interpretanti

208 1003 306 1073 illud,
330 1003 396 1060 Seis
412 1000 544 1059 comitem
558 993 740 1054 horridulum
761 998 832 1053 trita
855 993 965 1053 donare
986 994 1115 1055 lacerno.
1139 995 1204 1059 Μι.
1224 997 1298 1078 Rag.

209 1087 349 1150 adhunc
367 1090 470 1141 locum
489 1075 625 1159 μανδύαν
647 1077 713 1141 τινα
728 1075 850 1156 δι’μεινον
868 1079 899 1142 δὲ
915 1075 1108 1159 κεκρύφαλον
1130 1088 1223 1143 νοεῖν.
1244 1085 1299 1164 leg.

211 1170 336 1236 Casaub.
355 1167 406 1226 fin.
423 1166 479 1224 lib.
497 1172 524 1230 6.
546 1165 649 1220 Anim.
664 1163 701 1221 nd
718 1163 828 1224 Atlren.
846 1163 974 1246 Heayclt.
991 1177 1022 1222 et
1036 1162 1121 1224 Suid.
1137 1164 1238 1225 verbo
1250 1191 1300 1247 χει·

208 1254 387 1335 ρόμαιιτρον.
416 1251 548 1313 Bounn.
609 1248 843 1328 Interpretatur
862 1248 1002 1309 Erasmus
1025 1250 1219 1328 ἐφεστρίδιον
1235 1275 1300 1310 um-

210 1341 331 1412 bellam,
356 1349 391 1395 ut
414 1336 549 1393 umbella
572 1332 691 1391 Graece
711 1337 815 1416 σκῖρον
839 1330 967 1394 dicitur.
1011 1330 1162 1392 Debebat
1183 1351 1299 1409 vertero

210 1423 386 1501 amiculum,
407 1418 581 1503 paenulam,
613 1420 663 1475 vel
679 1419 740 1475 tale
755 1415 844 1496 quid.
877 1419 990 1478 PALM.

293 1539 370 1602 End.
387 1543 407 1599 l.
426 1543 454 1604 5.
480 1530 569 1599 Καὶδ
590 1534 645 1615 μὲν
664 1539 804 1613 πρῶτος)
833 1534 951 1594 Nullius
975 1533 1105 1613 dubito,
1128 1556 1172 1595 ex
1195 1535 1300 1599 eodem

211 1626 331 1690 Codice
351 1621 566 1704 retingendum
585 1640 668 1696 esse,
691 1621 742 1683 nni
760 1616 777 1683 δ
793 1621 850 1700 μὲν·
867 1625 984 1697 πρῶτος
996 1613 1108 1698 ridie,
1130 1622 1170 1684 lu
1185 1644 1300 1687 σκεπτο·

209 1715 302 1797 μένου
315 1704 507 1784 παρακούσας
521 1712 574 1769 τοῦ
590 1702 736 1767 δεσπότου
750 1703 932 1784 προδραμοδν
946 1706 995 1767 καὶ
1008 1701 1207 1786 προμηνύσας
1220 1700 1302 1789 aiulp-

208 1823 298 1880 χεται.
342 1794 380 1854 Ει
398 1796 511 1874 primus
528 1789 643 1874 quidem
665 1790 748 1850 illico
771 1793 925 1848 etiamnum
945 1805 1129 1850 cunctantem
1154 1790 1300 1852 domiuum

209 1882 349 1955 caelicus,
369 1901 557 1960 praecurrens
571 1891 637 1933 acute
650 1875 726 1934 alios
740 1878 865 1936 nuntiat.
912 1875 1036 1957 Vulgo,
1062 1877 1113 1938 καὶ
1130 1869 1148 1939 ὅ
1161 1876 1217 1958 μὲν
1230 1882 1302 1955 πρῶ.

208 1993 277 2042 τος,
301 1961 393 2035 sidric
415 1962 663 2033 ἐπισκεπτομένου
683 1955 875 2033 παρακούσας
895 1964 950 2022 τοῦ
972 1953 1138 2028 δεσπότου.
1168 1965 1303 2043 προδρα-

209 2050 283 2134 μῶν.
329 2049 483 2108 Vortunt:
508 2070 544 2105 ac
557 2048 669 2125 primus
684 2043 816 2126 quidem,
840 2046 1010 2127 quistatim
1034 2042 1066 2103 iel
1078 2045 1190 2127 facere
1214 2044 1302 2107 dmi..

209 2151 326 2196 nantem
354 2130 583 2192 subauscultorit
613 2128 778 2203 dominum,
819 2131 998 2209 praecurrit,
1035 2133 1177 2212 priorque
1204 2145 1302 2192 monet.

210 2223 381 2296 Zaleucum
395 2232 440 2275 est
465 2231 613 2289 cunctor,
638 2213 771 2274 dubito:
795 2214 880 2273 unde
899 2216 1068 2289 σκεπτικοὶ,
1093 2213 1152 2295 qui
1173 2212 1214 2275 de
1239 2236 1303 2276 om.

209 2306 306 2367 uibus
326 2301 524 2360 dubitabant.
546 2298 679 2357 Gnauv.
1280 2322 1285 2333 .

294 2403 373 2466 Eud.
391 2407 410 2464 l.
425 2410 453 2468 6.
470 2399 535 2462 ’Ἔτι
558 2400 678 2478 σκεπτ.)
692 2396 758 2462 Ἔτι
773 2401 974 2482 σκεπτομένου
998 2400 1031 2458 in
1053 2402 1093 2463 G.
1115 2415 1149 2461 et
1171 2404 1211 2466 L.
1227 2400 1306 2485 legi·

211 2507 282 2565 tur,
309 2487 393 2568 quod
415 2484 526 2544 merito
547 2488 616 2542 viro
632 2504 754 2543 summo
779 2487 918 2562 placuit,
943 2500 1056 2564 utpote
1072 2484 1159 2566 quod
1179 2509 1305 2569 corrup·

210 2592 262 2636 tae
279 2578 424 2653 vulgatae
440 2570 689 2645 ἐπισκεπτομένου
709 2569 896 2628 medicinam
915 2570 1037 2629 adferre
1052 2571 1305 2633 commodissime

210 2662 314 2720 vicum
331 2657 381 2715 sit.
406 2653 485 2716 Cod.
503 2654 533 2714 P.
550 2652 641 2710 aliam
666 2655 850 2732 scripturam
868 2654 1017 2725 exhibet,
1042 2675 1137 2734 quam
1156 2655 1236 2716 olim
1258 2677 1305 2717 ιο·

198 2744 350 2826 ,quebar‚
389 2760 501 2811 nempe
528 2739 803 2816 lurorunrouc'uou,
834 2740 907 2820 quia
929 2761 1037 2798 vocem
1062 2737 1238 2819 ἐπισκήπτω
1259 2742 1304 2800 vel

211 2824 429 2907 ἒπισκήπτομαι
455 2823 489 2882 cle
510 2821 720 2882 mundantibus
740 2827 900 2904 eleganter
923 2824 1086 2902 usurpari,
1112 2829 1166 2885 vel
1185 2824 1303 2886 Lexictt

210 2916 278 2995 ipsa
296 2914 370 2970 satis
388 2911 520 2987 docent3
544 2906 595 2964 adi
615 2924 716 2967 tamen
736 2929 794 2966 nos
818 2905 856 2977 ad
875 2907 997 2989 Catapl.
1012 2915 1040 2975 8.
1056 2907 1113 2967 ubi
1130 2909 1169 2970 de
1186 2932 1223 2971 ea
1240 2914 1303 2991 plu·

209 3021 262 3059 ra:
286 2996 458 3057 mandorum
483 3007 586 3052 antem
610 2990 662 3050 hic
689 2992 829 3074 intelligi
856 2990 1020 3058 commode
1043 3013 1155 3067 posse,
1170 3018 1301 3070 munuc,

209 3105 275 3165 quo
301 3081 434 3139 nuntius
456 3100 529 3136 mox
554 3076 709 3153 donatur,
746 3081 822 3135 satis
840 3077 971 3140 evincit.
1019 3076 1117 3137 Nunc
1137 3093 1247 3138 autern
1268 3080 1304 3143 ἔτι

209 3167 412 3248 σκεπτομένου
444 3162 543 3242 magis
574 3159 685 3239 probo.
731 3161 1045 3245 Voxlmoairrcopou
1076 3183 1136 3243 pro
1153 3162 1303 3225 concidero

210 3251 296 3333 apud
318 3247 508 3311 Aristotelem
530 3247 700 3327 frequens,
727 3244 896 3305 Era'Nir.
914 3267 945 3325 p.
956 3268 1000 3312 ur.
1016 3254 1045 3315 4.
1060 3246 1097 3308 C.
1115 3254 1170 3313 20.
1183 3249 1224 3309 A.
1242 3252 1305 3314 120.

210 3337 248 3398 C.
271 3336 323 3397 Sic
340 3336 446 3395 Noster
461 3331 554 3393 etiam
570 3344 702 3410 usurpat
719 3329 853 3410 simplex
868 3333 1032 3414 σκέπτομαι
1048 3331 1123 3391 Ver.
1140 3332 1305 3411 Hirtus).

211 3430 262 3489 10·
279 3423 418 3481 D0ffl00·
434 3438 459 3478 ⁰·
473 3422 524 3484 57·
540 3417 645 3477 Herm·
662 3436 689 3476 0·
706 3421 757 3482 50.
775 3430 808 3477 et
822 3422 874 3481 73.
898 3416 1026 3479 Souna.
1080 3414 1174 3497 Quid
1191 3416 1223 3478 ai
1241 3417 1306 3483 im-

209 3507 418 3588 σκηψαμὲνον,
443 3501 584 3582 jubente,
608 3515 639 3559 et
657 3498 827 3560 mandante
843 3499 1009 3562 familiae?
1033 3501 1139 3567 Grau.

294 3622 371 3683 Eacl.
386 3625 407 3681 l.
422 3627 451 3686 8.
477 3621 679 3699 Κομίζοντες)
704 3616 837 3677 Polliam
853 3618 1019 3703 deserentes.
1042 3620 1156 3683 Banu.

294 3707 370 3767 End.
384 3710 403 3763 l.
420 3711 451 3770 9.
476 3700 684 3779 Holloi'rlrrc)
707 3701 825 3764 Multos
841 3703 876 3762 cle
889 3721 916 3764 te
931 3703 1012 3788 opurl
1027 3702 1182 3766 dominum
1195 3726 1308 3768 remco-

209 3794 350 3880 rresfecit.
376 3791 482 3849 Bnon.
1097 3810 1102 3819 ·

296 3877 374 3937 ibid.
400 3876 460 3938 lini
476 3870 516 3947 ὥς
530 3872 714 3948 ἐπιτραπεὶς)
741 3872 852 3957 thue,
878 3897 943 3935 cum
961 3872 995 3934 iel
1013 3874 1139 3935 arbitrio
1154 3877 1217 3957 q’ur
1234 3898 1308 3959 per-

209 3968 328 4025 missum
350 3976 437 4036 esset,
470 3975 500 4017 ut
521 3955 600 4040 quod
613 3954 698 4015 vellet
718 3957 917 4018 indumentum
938 3958 980 4018 od
999 3975 1026 4020 te
1045 3957 1179 4047 deferret.
1201 3959 1306 4022 Baon.

208 4051 376 4128 Perperam
389 4044 544 4117 Erasmus,
570 4040 814 4124 quemadmodum
838 4042 999 4106 adhortans
1016 4042 1309 4105 commodioro'eul-

209 4135 317 4217 jecera't.
349 4127 552 4191 Concinniua
566 4124 742 4190 Benedictus
747 4170 758 4204 ,
782 4142 814 4191 ut
827 4127 885 4192 riht
900 4127 971 4194 cloto
990 4127 1115 4192 arbitrio
1129 4125 1310 4192 commodio-
