2678 4800
191 367 268 449 662
459 338 1027 439 numerariorum

193 552 250 617 pra
266 531 349 590 Rev·
365 548 434 609 cap·
449 531 501 593 27.
524 525 641 583 falsum
656 519 738 580 illud
758 514 909 603 ἇμπηπόλ.
922 532 1012 592 rante
1033 531 1220 599 correctum
1236 533 1293 595 em

195 616 283 677 conf.
302 611 365 672 hoc
382 613 513 670 Diale.
530 616 581 674 23.
597 628 644 687 pr.
666 606 790 675 Rnrrz.

281 699 355 778 fag.
371 703 444 762 261.
461 699 483 753 l·
497 701 526 758 2.
546 689 717 774 Ἀγοραίοις
731 696 780 756 καὶ
792 686 998 776 βωμολόχοις)
1019 690 1113 752 Haeo
1126 687 1226 752 verba
1238 710 1293 755 rae·

197 785 330 868 pissime
345 785 428 840 solet
449 783 653 860 conjungere.
697 779 863 837 Posterius
880 775 958 835 alibi
974 775 1195 857 interpretor,
1216 774 1289 857 prior

198 868 330 954 Hesych.
349 862 445 924 verbo
462 858 608 946 ἆγοραίου
624 863 732 943 τέχναι.
755 865 889 927 Bonan.

284 949 362 1014 Ilici.
385 944 599 1029 Βωμολόχοις)
622 948 676 1009 Sic
689 946 811 1011 Aelian.
826 949 866 1019 V.
880 948 921 1007 H.
935 944 972 1006 II
998 951 1048 1013 13.
1070 942 1289 1027 Aristophanem

199 1053 295 1097 vocat
308 1030 484 1118 βωμολόχον
499 1030 595 1113 ἄνδρα
608 1032 658 1095 καὶ
673 1040 800 1115 γελοῖον.
844 1032 1018 1092 Rationem
1034 1028 1129 1092 vocis
1154 1049 1197 1089 ex
1211 1024 1290 1088 Sata

199 1120 298 1183 tradit
316 1118 362 1176 ibi
381 1117 477 1179 Paria·
492 1116 534 1177 N.
552 1122 582 1182 4.
605 1117 729 1181 Rnrrz.

190 1194 197 1209 ¹
283 1202 361 1269 End.
371 1205 393 1262 l·
403 1210 432 1270 3·
453 1196 769 1284 ΠλήθειῬωμαϊκῶν)
785 1199 879 1282 Angl.
895 1198 1007 1283 πλήθει
1020 1197 1163 1288 ἆστεϊκςῖ.
1173 1199 1289 1261 Bonrn·

222 1328 226 1343 ι
284 1285 364 1350 Ibid.
390 1288 520 1361 Ξενίζων
543 1292 586 1373 τῷ
599 1292 695 1369 nord.)
716 1285 800 1345 Dixi
823 1306 916 1364 snpra
939 1285 979 1346 ad
994 1286 1087 1369 Nigr.
1114 1290 1210 1355 c.14·
1234 1278 1289 1344 llll·

51 1412 57 1435 ι
131 1426 134 1431 .
199 1399 275 1463 pam
289 1388 394 1434 tamen
411 1371 465 1431 hic
479 1370 650 1436 habenta,
665 1373 701 1431 P.
719 1385 752 1432 et
764 1371 805 1429 L.
818 1370 879 1430 Sed
892 1373 940 1435 Μ.
957 1381 1043 1431 recte
1057 1370 1158 1431 etiam
1171 1371 1288 1451 τρίβωνι.

200 1462 328 1523 Sanan.
357 1457 488 1531 Ξενίζειν
504 1469 551 1515 est
566 1458 733 1559 peregrina
748 1476 856 1537 agere,¹
873 1453 988 1533 dicere,
1012 1470 1044 1514 et
1063 1453 1183 1521 mirari.
1208 1448 1287 1512 Cori

200 1544 341 1605 Nostrum
359 1542 441 1602 Gall.
460 1561 485 1603 c.
504 1547 554 1606 18.
577 1537 660 1625 Ὀσῳ
683 1541 715 1605 δὲ
736 1535 774 1603 lla
796 1542 953 1619 ξενίζοιμι,
974 1536 1109 1623 τοςούτῳ
1132 1532 1288 1615 xnrvirrprt

201 1627 288 1715 ᾤμην
300 1624 412 1771 giwii
458 1627 503 1775 E4t
517 1622 658 1775 νέἆξοε
673 1626 712 1684 ad
728 1626 755 1686 I.
773 1626 867 1707 epist.
883 1624 974 1686 Petri
986 1624 1053 1700 IV,
1071 1633 1123 1691 12.
1146 1624 1226 1684 Item
1237 1618 1289 1681 Εἰ»
1306 1676 1314 1685 .

199 1735 295 1775 rte.a
351 1757 358 1771 .
401 1725 460 1774 etr.
508 1760 516 1786 ,
557 1753 564 1769 .
620 1734 714 1772 ΕΠΖ.

161 1796 166 1809 “
199 1739 251 1943 ΒΓ
283 1796 397 1860 Eadm.
416 1802 445 1862 4.
475 1797 626 1880 Τρίβωνι)
651 1795 763 1856 Graeco
778 1794 888 1877 pallio.
910 1796 1019 1860 Boon.
1064 1787 1290 1878 Angirroiymt.

231 1903 336 1943 onan.

286 1964 365 2028 Ibid.
389 1960 566 2046 Πονήρως)
592 1966 645 2026 Ila
668 1981 770 2043 recte,
799 1965 894 2024 utin
919 1964 990 2043 edd.
1016 1963 1203 2047 prioribus,
1228 1963 1250 2026 i.
1268 1980 1288 2027 a.

200 2055 318 2129 mirere,
340 2073 441 2132 prave.
486 2051 548 2111 Sed
566 2051 642 2135 quia
664 2050 805 2112 Gesnerus
821 2050 918 2111 vertit
939 2049 1017 2111 mole
1037 2049 1140 2134 loqui,
1162 2040 1227 2109 noir
1248 2066 1289 2105 nt·

199 2158 254 2197 mo
270 2158 318 2197 me
338 2133 525 2209 admonuit,
549 2158 632 2196 anne
652 2143 796 2218 πονηραῖς
816 2136 884 2216 ipae
906 2137 1063 2196 maluerit.
1110 2133 1175 2197 Sed
1196 2130 1288 2195 eodan

200 2219 302 2300 redit3
326 2219 383 2301 qui
402 2222 488 2282 enim
506 2220 621 2280 misere
638 2221 833 2296 barbariam,
857 2225 938 2280 male
955 2219 1116 2302 loquitur.
1139 2220 1258 2281 Rarrn.

286 2305 365 2370 Eud.
378 2308 399 2365 l.
412 2312 441 2372 6.
465 2301 671 2388 Zvyaiddov)
694 2309 890 2387 Συμμίχθων.
912 2305 1020 2370 Bnou.
1058 2296 1288 2387 Soppiurnrtii

200 2386 368 2474 ἱπηλῦδων.
413 2388 467 2450 Sin
483 2389 623 2452 adoram
641 2391 737 2475 Angl.
753 2390 835 2453 Cod.
858 2391 992 2455 Bonna.

267 2468 271 2486 ⁶
285 2475 363 2538 End.
376 2478 399 2538 l.
415 2482 445 2543 8.
465 2469 551 2539 ‘de
564 2472 698 2558 κώδωνι)
722 2476 776 2535 sio
789 2476 886 2554 infra,
908 2495 1018 2534 versut
1032 2471 1088 2534 fin.
1107 2472 1206 2552 hujus
1218 2471 1289 2537 Diri.

200 2556 341 2627 landav
362 2555 466 2640 ἤχησε.
498 2559 624 2623 casaub.
651 2560 692 2620 ad
709 2561 789 2622 Sner.
805 2562 886 2645 Aug.
909 2561 1045 2620 Bonan.
1091 2556 1169 2621 Vid.
1194 2559 1289 2621 iterun

200 2665 270 2725 cap.
287 2652 339 2712 31.
383 2642 446 2702 Sed
461 2665 538 2704 cave
553 2645 616 2704 Jos.
632 2647 796 2706 Laurentio
813 2644 939 2719 credas,
964 2642 1004 2704 de
1018 2642 1168 2704 machina
1183 2640 1290 2704 intelli.

200 2731 310 2812 genti,
335 2748 417 2810 quae
431 2727 609 2807 ponderum
625 2746 657 2790 er
670 2746 812 2790 rotarum
830 2752 909 2814 ope,
934 2728 993 2789 sub
1017 2742 1147 2789 noctem
1164 2725 1290 2809 disposi-

199 2827 250 2882 ta.
274 2812 314 2875 ad
331 2813 506 2897 quamlibet
521 2812 630 2873 horam
647 2814 812 2875 dominum
836 2818 1043 2895 campanulae
1059 2834 1142 2873 sono
1159 2834 1177 2875 e
1194 2828 1289 2873 romnt
1330 2840 1333 2879 ἑ

199 2897 331 2960 excitat.
362 2898 433 2961 AG.
451 2898 628 2975 1x‚1249.
651 2901 684 2959 Ia·
708 2900 804 2961 homo
827 2922 903 2963 sane
922 2898 1006 2958 nihil
1030 2897 1096 2957 nisi
1115 2896 1289 2959 hodiernum
1329 2910 1333 2985 1

199 2988 310 3062 norat,
343 2982 399 3064 qui
425 2983 502 3043 alibi
527 2984 622 3044 etiam
644 2984 760 3046 solaria
793 3000 944 3046 veterum·
958 2981 1068 3042 eadem
1092 3003 1167 3043 cum
1191 2978 1289 3043 nmtrlt
1330 2988 1333 2999 '

198 3068 303 3131 fuisse
320 3068 507 3129 somniavit.
552 3069 735 3131 Somniavir
758 3070 855 3130 etiam
874 3068 1074 3140 Scholiasta,
1097 3088 1172 3127 oum
1192 3065 1290 3127 tintin-

199 3152 355 3215 nabulum
383 3150 447 3213 hon
470 3151 511 3210 ad
542 3155 734 3214 concionem
763 3175 880 3215 vocare
907 3150 1062 3212 credidit:
1098 3150 1289 3213 domesticum
1328 3174 1333 3217 5

200 3239 287 3303 enim
307 3249 388 3313 erat,¹
408 3236 543 3298 nandum
557 3259 729 3321 campanae
744 3255 874 3301 nostrae
888 3235 1064 3299 hodiernae
1081 3236 1117 3295 in
1133 3256 1195 3297 nan
1208 3244 1288 3297 erant.
1326 3240 1332 3275 '¹

200 3323 327 3386 Souna.
1326 3324 1332 3357 ³

198 3495 227 3557 B
286 3405 365 3472 End.
385 3410 408 3469 1.
429 3414 461 3485 9.
499 3415 731 3494 Συμπεριθεῖς)
767 3406 867 3470 Aliud
896 3409 1035 3489 exempl.
1067 3406 1288 3492 caparasima
1329 3412 1332 3421 '

231 3513 311 3555 noo.
878 3536 881 3541 .

285 3575 364 3638 ibid.
379 3573 447 3642 Ἔτι
461 3574 515 3643 τᾶν
535 3575 643 3659 χθιζὸν
664 3576 761 3659 πηλὸν
782 3580 856 3659 ἔχων
875 3579 909 3642 ἓν
927 3583 993 3643 τοῖν
1015 3578 1154 3657 σκελοῖν)
1175 3576 1246 3637 Hor
1261 3588 1287 3631 οῦ
1331 3610 1333 3627 ι

197 3661 359 3741 pertinet,
382 3661 470 3746 quod
491 3668 581 3723 nulla
602 3665 759 3724 Romanis
783 3663 961 3727 feminalia.
1005 3662 1094 3723 Dixi
1113 3660 1156 3723 ad
1176 3660 1288 3743 Proper·

197 3744 293 3830 Eldg.
308 3755 336 3813 3.
352 3748 394 3808 L.
410 3748 472 3808 III.
495 3749 655 3811 Mancre.
1079 3786 1084 3791 -

285 3830 363 3891 End.
380 3836 403 3892 l.
418 3839 467 3899 10.
495 3834 643 3916 Θέρμων)
665 3833 869 3915 Lupinornm,
894 3837 1093 3917 cujuscunque
1107 3832 1177 3897 cili.
1197 3826 1288 3892 Banu·

283 3914 312 3973 Ρ
309 3939 355 3995 ag.
373 3922 481 3985 aaa-1.
499 3927 531 3989 3·
554 3921 717 4000 Λιχνείας)
746 3916 907 3978 Mendoae
925 3920 960 3977 in
981 3918 1150 4000 plerisque
1168 3928 1238 3977 ante
1252 3914 1288 3971 la·

199 3995 334 4088 gebatur
348 4006 479 4083 λιχνίας,
504 4018 536 4066 et
553 4003 587 4064 in
608 4002 680 4084 ipso
695 4003 744 4062 Μ.
768 4003 897 4065 Sonam.

286 4083 364 4149 ibid.
393 4082 576 4172 Τᾶηίχειρα)
603 4087 644 4151 Tri
662 4089 804 4170 ἐπίχειρα.
829 4090 940 4151 Bnon.
984 4085 1040 4147 Sic
1057 4084 1098 4147 ad
1115 4076 1285 4169 praecem

198 4167 332 4234 verbum
349 4175 508 4261 diam-ipris
528 4193 659 4260 quoque
680 4185 911 4237 commentatur
933 4184 1003 4235 arat
1022 4168 1128 4251 idem,
1149 4168 1185 4232 id
1201 4174 1287 4231 aare·
