2678 4800
193 294 274 378 ωδ
457 304 1028 395 suuorsrrouss

192 472 285 532 dunt.
330 452 395 528 Sed
416 464 478 546 j'am
504 461 653 544 displicet
674 456 754 521 hirec
769 460 977 544 conjectatio}
1022 468 1052 530 1.
1070 462 1160 549 Quis
1177 461 1291 531 divites

191 566 359 636 torquatos
378 565 409 610 et
431 549 603 608 armillatos
623 569 686 606 non
711 545 855 628 reperio,
880 547 1046 607 nisiinter
1066 547 1234 628 barbaros,
1255 552 1292 616 de

192 636 379 724 quibus'bic
402 635 451 719 agi
477 653 569 693 nemo
587 631 714 696 dixerit.
759 635 939 714 Torquatus
962 630 1088 715 quidem
1107 635 1173 693 fuit
1191 638 1293 698 Mun·-

188 729 270 800 1ius,
294 722 347 782 sed
366 717 521 800 peculiari
545 715 582 776 de
599 738 728 789 caussa,
753 736 846 797 quam
864 737 956 776 nemo
973 719 1086 783 nescit.
1130 719 1184 780 Its
1199 722 1293 782 etism

189 797 348 871 nonnulli
365 804 439 878 alii,
464 816 650 859 nontamen
676 823 790 883 opum,
814 800 867 862 sed
892 801 1023 861 virtutis
1043 825 1155 865 caussa
1179 821 1293 889 torque

189 893 314 958 dorreti,
359 896 388 954 2.
413 883 562 965 [lollium
585 885 624 944 ad
647 907 781 964 poenum
804 885 931 965 potius,
964 898 1059 968 quem
1083 888 1293 950 adornatum

187 978 362 1061 pertinent.
403 980 431 1038 3.
456 972 499 1030 Et
513 991 577 1028 vox
597 984 662 1031 erut
682 970 793 1051 ignote
812 970 943 1030 Graecis
963 992 1043 1031 eevo
1057 972 1212 1054 Lueicm‘,
1238 976 1292 1059 qui

129 1120 132 1125 ⁴
186 1062 356 1142 purissime
372 1056 510 1136 scripsit,
533 1075 640 1136 neque
653 1061 734 1115 solet
747 1055 864 1113 Latine
881 1056 1035 1115 vocabule
1049 1074 1235 1140 usurpare·
1261 1066 1291 1130 4.

185 1145 340 1223 Denique
356 1162 449 1199 eures
466 1140 613 1215 vincula,
638 1138 754 1219 quibus
770 1139 926 1200 Lucienus
940 1139 1077 1202 detineri
1092 1143 1291 1221 credebatur,

186 1228 326 1289 conferri
345 1227 400 1284 vix
419 1224 544 1304 possint
560 1246 629 1282 cum
644 1225 786 1294 armillis,
805 1238 835 1282 et
850 1223 1038 1295 monilibus,
1057 1247 1075 1303 s
1090 1230 1215 1309 quibus
1229 1250 1292 1291 non

186 1314 389 1385 detinentur,
413 1310 469 1391 qui
487 1309 551 1366 illis
573 1322 710 1366 utuntur
726 1307 764 1367 sd
782 1323 941 1367 ornatum.
988 1311 1075 1371 Haec
1097 1312 1203 1392 igitur
1219 1336 1291 1375 con·

184 1401 267 1458 ferre
281 1403 341 1478 jam
358 1399 441 1452 malo
464 1417 533 1452 cum
553 1392 672 1451 catenis
687 1392 808 1463 eureis,
833 1392 949 1474 quibus
962 1394 1102 1456 Romuni
1117 1398 1290 1482 Magnetes

182 1483 354 1564 sphinges,
380 1496 409 1540 et
429 1477 543 1560 pardos
565 1477 799 1538 devinciebant.
844 1477 925 1537 Nem
943 1479 980 1538 ed
999 1478 1077 1541 haec
1094 1503 1227 1564 quoque
1240 1506 1290 1546 eu·

182 1591 251 1633 rum
277 1565 467 1629 adhibitum,
514 1563 602 1622 Hinc
623 1560 661 1622 de
683 1562 783 1623 cervis
806 1562 964 1626 Marrialis
989 1565 1063 1625 libri
1086 1565 1188 1649 primi
1214 1569 1288 1652 Epi.

184 1668 356 1737 grammate
376 1656 445 1714 105.

348 1733 491 1796 Mor-cient
505 1758 593 1794 aurea
607 1732 687 1815 quoti
705 1733 809 1816 lupulo
825 1736 910 1797 cemr'.

180 1823 225 1880 Et
248 1820 372 1883 Ouidius
396 1819 434 1877 de
458 1841 567 1893 cervo,
599 1840 692 1900 quem
716 1817 836 1879 occ‘idit
858 1818 1066 1900 Cyparissus,
1096 1821 1302 1887 Metumcrae'

180 1907 324 1987 phoscus
341 1907 424 1962 libro
444 1903 577 1963 decimu.

278 1988 282 1992 ’
344 1987 513 2050 Peurlebuut
528 1991 608 2048 rer-eri
618 2004 767 2067 gemmula
781 1988 907 2048 monilia
930 1989 1020 2053 collo.

179 2077 223 2133 Et
242 2074 359 2135 Plinius·
374 2077 426 2130 lib.
447 2080 475 2138 8,
492 2094 516 2134 c.
530 2081 581 2139 32.
603 2073 676 2132 Vua
691 2076 781 2133 cervis
803 2077 835 2133 in
855 2075 989 2158 confesso
1003 2074 1109 2160 longa,
1131 2095 1204 2160 post
1217 2094 1284 2142 cens·

179 2177 239 2220 ium
257 2184 351 2218 aranos·
363 2157 512 2240 aliquibus
527 2160 621 2237 copiis
635 2183 699 2218 cum
716 2159 866 2241 torquibus
881 2164 986 2220 aureis.
1014 2161 1160 2222 Proinde
1173 2164 1284 2242 spiriu*

178 2267 233 2328 ges
249 2266 377 2324 quoque
398 2261 427 2302 et
448 2241 561 2322 pardos
577 2244 694 2302 catenis
708 2242 812 2302 uitreis
829 2242 994 2303 devinctos
1014 2245 1115 2305 fuisse
1133 2246 1283 2308 credibile

117 2322 122 2329 ’
179 2346 235 2389 est.
282 2328 355 2411 Quo
374 2328 472 2400 fecit,
498 2326 584 2406 quod
606 2349 645 2386 ex
662 2325 842 2388 Philostrato
866 2328 962 2387 refert
978 2320 1102 2392 Piuilius
1122 2333 1195 2392 Art.
1213 2340 1280 2400 241.

166 2411 301 2495 ’Ἀχωναι
325 2409 480 2498 (ἁλῶναι)
496 2413 567 2476 ποτὲ
589 2412 620 2474 ἕν
636 2417 804 2497 Παμφυλίᾳ
818 2408 982 2494 noqdoilrov
997 2423 1131 2504 στρεπτῷ
1148 2414 1226 2498 ἅμα,
1250 2415 1282 2482 i'r

176 2502 247 2578 περὶ
263 2507 301 2584 τῇ
316 2503 389 2583 (ἱερῇ
411 2497 526 2581 (δέρῃ)
545 2499 647 2576 ἔφερε,
670 2504 805 2578 χρυσοῦν
824 2498 856 2560 δὲ
867 2487 922 2576 ἦν,
943 2500 994 2562 καὶ
1009 2497 1210 2587 ἒαεγὲγραπτο
1224 2498 1282 2580 Ἄρ·

176 2589 293 2666 μανίαις
315 2604 503 2661 γραμμασιν,
536 2580 674 2662 βασιλεῦς
689 2578 838 2661 Ἀρσάκης
857 2590 921 2644 brui
945 2588 1070 2663 Νυσίῳ,
1104 2587 1126 2645 i.
1151 2608 1185 2649 e„
1206 2587 1282 2649 Ali·

178 2667 297 2752 quantio
312 2671 343 2726 in
356 2664 532 2749 Pamphylia
544 2683 662 2746 cupium
666 2666 767 2751 fuisse
777 2665 947 2750 portiulium
963 2666 1010 2746 (id
1027 2686 1085 2745 est,
1107 2672 1282 2754 pantherum

176 2776 229 2814 seu
242 2751 389 2836 pardum)
415 2775 534 2811 aureum
552 2767 683 2833 torquem
705 2756 784 2813 circa
803 2750 911 2812 collum
936 2753 1104 2831 habentem,
1127 2758 1281 2818 Armeniis

174 2837 267 2900 literis
280 2842 324 2897 ira
339 2840 528 2919 inscriptum,
554 2835 625 2896 Rex
636 2837 767 2898 Arsaces
777 2830 840 2897 Deo
856 2837 979 2921 Nysaeo.
1026 2840 1146 2899 Temen
1165 2843 1193 2900 si
1212 2842 1281 2925 quis

173 2922 261 2982 uliud
281 2922 507 2982 verosimilius
524 2921 685 3000 proferet,
710 2920 790 2980 illud
806 2921 955 2982 lubenter
969 2926 1152 3002 amplecter.
1175 2925 1279 2987 Moto

172 3007 206 3066 id
227 3006 440 3083 concedatur,
466 3004 551 3086 quod
575 3021 693 3064 utrem
716 3021 831 3067 certem
855 3027 976 3084 assero,
998 3030 1109 3070 vocem
1133 3010 1280 3093 κουρὰλια

80 3112 83 3116 ⁴
172 3093 205 3151 in
224 3093 363 3153 Lucieno
380 3114 445 3152 esse
471 3105 667 3168 corruptam,
694 3089 881 3173 acproinde
907 3089 1097 3154 uibilexee
1120 3092 1160 3156 de
1177 3100 1280 3157 corel-

169 3179 217 3238 lio
232 3199 324 3257 posse
344 3178 428 3239 elici.
456 3179 736 3239 Aumuuoovunu.
782 3177 889 3236 Locus
912 3190 959 3234 est
975 3178 1221 3251 versutissimus,
1245 3181 1278 3241 in

170 3284 234 3344 quo
253 3263 417 3344 ingenium
433 3275 645 3321 exercuerunt
663 3261 727 3320 viri
744 3260 853 3343 magni
869 3259 1040 3322 Bocbarrus
1054 3277 1085 3322 et
1100 3263 1278 3344 Palmen’us,

170 3368 229 3407 uec
255 3370 318 3414 uon
346 3346 542 3410 cl.Bootius.·
564 3348 746 3428 Μονονουχὶ
769 3343 821 3410 τᾶν
840 3346 941 3429 ἕτερον
967 3342 1048 3410 πόδα
1064 3348 1097 3412 ἐν
1113 3355 1158 3436 τῷ
1173 3360 1278 3432 πορθ·

169 3437 244 3516 μείῳ
269 3435 389 3514 ἔχοντα,
412 3433 552 3511 παρέχειν
574 3427 683 3495 ἑαυτόν
706 3432 845 3496 ἕλκεσθαι
866 3433 917 3494 καὶ
938 3433 1105 3510 φέρεσθαι,
1135 3434 1278 3521 καθάπερ

166 3513 228 3582 riuti
245 3525 338 3603 κλοιῷ
352 3542 411 3580 τινι
428 3524 528 3602 χρυσῷ
549 3511 601 3579 τὸν
621 3514 731 3598 αὐχένα
751 3518 894 3592 δεθέντα,
919 3514 969 3580 οἷά
984 3519 1045 3581 ἔστι
1057 3525 1118 3584 τῶν
1134 3518 1276 3601 τρυφών-

166 3628 227 3677 των
244 3607 397 3666 πλουσίων
411 3600 448 3664 roi
463 3605 587 3683 σφιγγία
602 3602 650 3664 καὶ
666 3600 701 3664 roi
716 3597 874 3684 αοαρᾶλια.
899 3600 1048 3682 (Hesper.
1070 3602 1104 3661 in
1123 3602 1273 3688 οἰκούρια,

165 3685 305 3768 Alcipbr.
329 3689 351 3748 l.
368 3689 427 3766 Ep.
445 3693 496 3755 39.
513 3708 585 3769 pag.
605 3693 695 3763 194.)
720 3687 838 3746 Vocem
856 3684 1004 3769 κουράλια
1019 3685 1115 3747 nihili
1132 3710 1218 3769 esse,
1242 3705 1273 3751 et

168 3771 299 3831 Graecis
314 3773 475 3854 ignorem,
498 3777 558 3853 jum
575 3773 634 3830 viri
650 3772 738 3832 docti
755 3786 958 3831 monuerunt.
1000 3771 1077 3832 Non
1092 3790 1171 3835 vero
1187 3796 1273 3847 euru.

162 3860 246 3932 leta,
271 3878 333 3913 non
356 3860 485 3916 culleis
506 3856 665 3936 intelligi,
690 3871 745 3915 sut
766 3856 822 3915 has
842 3877 935 3915 voces
954 3859 1080 3940 σφιγγία
1095 3859 1147 3923 καὶ
1161 3858 1274 3937 κουρά·

162 3940 404 4024 irrisigniiicere
421 3965 530 4019 posse,
554 3941 650 4002 iidem
676 3940 855 4000 docuerunt
880 3940 1053 4004 verissime.
1096 3942 1173 4003 Non
1191 3966 1274 4027 pos·-

161 4048 230 4088 sum
251 4042 356 4087 temen
377 4027 574 4089 subscribere
590 4026 779 4087 doctissimo
799 4023 967 4105 Pulmerio,
993 4025 1107 4112 quiex
1121 4025 1272 4110 Hesycbiu
1324 4048 1327 4053 ·

160 4111 327 4199 rupilius,
352 4113 402 4173 vel
427 4113 577 4200 αααράσια
594 4110 766 4196 legendum
789 4131 859 4173 esse
881 4111 990 4174 scirit.¹
1033 4110 1177 4188 Pueros,
1200 4111 1272 4175 illas
