2678 4800
201 392 278 471 684
470 384 1035 462 ausorarroras

202 559 299 623 Dicit
310 555 616 620 heecl’atrhesiadea
626 580 780 620 conversus
795 553 833 617 ad
844 555 1030 634 Victoriam,
1038 551 1215 638 indigimus
1229 575 1302 624 earn.

202 678 245 697 -ι-
267 642 381 707 Verrio
404 640 517 702 habet:
540 640 688 724 equidem
712 641 811 703 initio
833 646 896 724 jam
916 639 1066 714 adoravi3
1093 641 1199 703 immo
1215 662 1304 703 veros

225 727 336 789 rimam
351 740 383 788 te
398 731 441 806 (o
455 726 548 803 Dea)
564 729 627 806 jam
643 724 789 806 superius
805 724 977 790 adoravi.“
997 725 1087 786 Haec
1110 720 1171 807 qui
1188 725 1226 785 in
1239 747 1303 786 ver.

202 750 254 874 bi·
275 808 416 895 vulgatis
435 807 617 887 invenerit,
641 830 712 869 eum
735 809 831 870 credo
846 809 910 869 alia
935 809 1043 871 omnia
1065 809 1194 872 ibidem
1219 809 1303 870 facili

204 915 301 994 opera
313 880 529 957 inventitium.
573 894 643 953 Imo
657 892 765 954 verbis
781 893 859 974 ipsis
876 892 1029 974 inspectis
1037 891 1136 955 eihir
1148 893 1243 954 aliud
1252 896 1303 954 eli.

204 993 306 1056 crtus,
328 997 423 1060 quam
440 974 559 1039 Gesneri
570 976 694 1053 versio,
717 999 811 1062 quarn
828 981 909 1038 male
925 973 1151 1060 intelligentes
1173 978 1303 1060 vitupe-

202 1077 315 1124 rarunt
343 1077 377 1123 et
402 1059 618 1126 deseruerunt.
669 1058 730 1145 Τήν
752 1087 787 1146 ys
809 1058 931 1142 πρώτην
950 1082 1015 1122 non
1038 1058 1221 1147 ObJec'tum
1242 1078 1302 1139 est,

203 1144 260 1210 aed
286 1140 529 1228 adverbialiter,
551 1159 588 1206 ut
608 1144 704 1224 alias,
733 1145 941 1227 capiendum:
968 1148 1064 1209 initio.
1113 1152 1313 1230 Hoogaoveiu

204 1243 311 1295 autem
326 1227 472 1291 absolute
487 1229 628 1311 positum
644 1256 703 1290 rem
718 1253 836 1292 sacr-om
850 1229 1000 1308 denotat,
1023 1227 1187 1293 videlicet
1200 1232 1304 1307 adpro·

203 1317 310 1376 tionem
324 1317 452 1379 numinis
465 1313 618 1396 cujusdam
630 1314 732 1375 divini.
778 1316 952 1395 Cuiusnam
965 1312 1067 1378 vero?
1090 1348 1134 1362 -
1159 1315 1303 1399 Respon-

205 1395 285 1476 deo,
308 1397 435 1460 sirecte
450 1397 597 1474 memini,
620 1399 775 1460 Mineruae
793 1396 940 1460 Policclis.
985 1397 1070 1460 Vide
1085 1397 1192 1460 modo
1211 1420 1237 1479 ρ.
1253 1409 1301 1468 21.

204 1478 274 1560 ubi,
291 1495 460 1567 postquam
469 1480 661 1565 Philosophia
675 1481 815 1544 dixerat:
838 1478 922 1564 ἡμεῖς
935 1483 967 1548 δὲ
981 1484 1012 1548 ἓν
1026 1480 1164 1558 corotico)
1178 1509 1301 1566 προςκυ,

204 1561 344 1648 νήσωμεν
357 1563 413 1647 τὴν
425 1563 516 1645 θεόν,
537 1569 600 1648 jam
616 1565 785 1629 Lucienus
805 1565 873 1647 ipse
888 1588 997 1648 preces
1014 1580 1088 1628 auat
1111 1549 1156 1628 ad
1179 1569 1301 1632 Miner·

204 1653 397 1713 vae'numen
412 1648 500 1714 facit.
544 1648 609 1713 Sed
631 1671 718 1712 nunc
738 1650 874 1712 victoria
893 1649 1060 1733 deportata
1083 1673 1151 1715 rem
1175 1652 1299 1715 eandem

203 1729 339 1813 (arisi,
361 1732 394 1799 cd
417 1735 619 1816 προςκυνεῖν)
642 1731 858 1819 τραγικώτερον
878 1734 1090 1820 peragendam
1113 1734 1182 1799 sibi
1203 1737 1301 1799 decla·

203 1831 263 1882 rat.
306 1816 481 1902 Numquid
495 1820 632 1904 amplius
650 1818 833 1882 desideras?
855 1819 975 1885 Lama.

290 1903 369 1967 an.
392 1908 415 1964 l.
436 1911 467 1971 6.
485 1893 531 1968 'si
553 1906 627 1987 μέγα
647 1902 740 1986 σεμνὴ
762 1908 851 1987 νίκη)
871 1905 945 1964 Hoc
962 1903 998 1964 in
1018 1902 1084 1966 fine
1106 1904 1298 1988 quarundam

204 1987 439 2073 tragoediarum
459 1986 543 2070 apud
559 1988 729 2072 Euripidem
742 1988 850 2050 videre
863 1988 950 2065 licet,
967 1988 1051 2057 utin
1065 1989 1296 2055 Phoen.Orest·

204 2072 312 2156 Iphig.
330 2072 365 2130 in
383 2074 480 2133 Taur.
505 2073 613 2134 Boon.
656 2072 732 2137 vid.
746 2073 880 2134 Isthmia
895 2072 984 2135 Pieri.
1001 2072 1062 2137 od.
1078 2075 1138 2136 VI.
1152 2074 1189 2134 in
1205 2077 1294 2159 princ.

206 2177 279 2218 cum
292 2154 444 2222 Scholiis.
467 2157 595 2222 Vorsr.
638 2158 1035 2240 Eurip.Phoeniss.1752·
1057 2159 1191 2224 soem.
1330 2156 1333 2165 '

289 2239 367 2304 Euri.
381 2245 404 2303 l.
419 2248 450 2308 9.
473 2243 626 2326 Δευτὲρου
646 2239 815 2328 κρατῆρος)
840 2243 906 2303 Aut
929 2240 963 2302 id
983 2264 1000 2302 a
1021 2244 1247 2307 combibonibus
1263 2265 1295 2304 w

205 2326 479 2391 commessationibus
499 2331 705 2406 translatum,
727 2323 840 2387 autad
864 2324 1063 2409 clepsydram
1084 2328 1291 2409 rejiciendum

9 2484 12 2489 Δ
205 2411 315 2477 Baon.
359 2409 472 2492 Specie
489 2411 664 2492 proverbii.
707 2412 761 2474 De
777 2408 918 2487 secundo
942 2427 1062 2473 cratere
1079 2409 1184 2495 Long.
1202 2411 1254 2473 lib.
1266 2420 1291 2480 3.

97 2508 107 2527 ··
171 2518 178 2531 “
205 2497 358 2562 Pastoral.
374 2495 493 2561 Aciill.
507 2495 678 2565 Tot.lib.2.
701 2499 834 2559 Boura.
877 2494 1173 2557 Alluderevidetur
1186 2494 1224 2558 ad
1238 2515 1292 2557 mo·

121 2574 127 2581 ’
205 2601 271 2641 rem
286 2593 445 2655 veterum,
471 2579 528 2661 qui
544 2579 682 2660 primum
698 2595 849 2657 craterem
870 2579 969 2641 alicui
982 2581 1131 2645 Deorum
1142 2580 1291 2656 libabant,
1332 2657 1333 2660 Ἴ

137 2674 140 2681 “
206 2660 380 2726 asecundo
399 2676 505 2724 autem
518 2663 778 2745 auspicabantur.
802 2665 930 2745 Seras.
1009 2662 1013 2676 '
1289 2678 1294 2689 ’

292 2744 372 2807 ibid·
396 2749 515 2827 Κρατ.)
535 2746 735 2830 Συμπόσιον]
763 2747 839 2811 Vid.
865 2749 986 2811 Erarmi
1007 2745 1111 2832 Adag.
1130 2746 1186 2817 τόν
1207 2752 1293 2833 τρίτον

205 2836 250 2920 spi
266 2839 388 2912 σωτῆρι.
431 2832 558 2895 Primus
571 2847 673 2894 crater
689 2832 730 2894 ad
746 2833 833 2895 sitim
847 2847 989 2912 sumtus,
1012 2833 1089 2897 Jovi
1112 2834 1291 2917 Olympicus

206 2912 366 2986 secundus
378 2913 419 2977 sd
432 2914 645 2996 hilaritatem,
668 2917 838 2979 heroibus:
862 2917 977 2981 tertius
991 2916 1030 2978 ad
1045 2915 1233 2981 ebrietatem
1242 2938 1292 2980 aar·

206 3000 315 3066 veteri
330 3021 386 3062 seu
403 3001 592 3082 sospitatori
604 3000 788 3076 dicabatur,
810 3015 847 3061 ut
861 3023 902 3062 ex
916 2999 1046 3064 crateris
1055 3002 1153 3085 'tertii
1166 3017 1245 3085 potu
1255 2999 1293 3085 ip·

139 3104 177 3143 κ
207 3105 261 3148 soa
284 3100 463 3168 oenopotas
484 3084 523 3147 ab
545 3084 699 3148 ebrietate
714 3085 904 3149 vindicaret.
926 3084 1055 3150 Venas.
1099 3084 1244 3165 Planasia,
1262 3097 1293 3147 ut

205 3168 318 3249 Interp
344 3173 490 3249 Nolunt,
508 3170 666 3233 sseoundo
680 3187 799 3249 cratere,
820 3169 855 3228 in
870 3168 1030 3233 conviviis
1045 3169 1170 3252 posite,
1184 3168 1293 3235 desum·

206 3268 251 3317 ta.
294 3189 384 3316 Idem
400 3253 511 3379 itaque
526 3267 591 3333 est,
615 3255 707 3339 quasi
722 3255 810 3316 dicat
825 3252 1055 3335 Philosophia:
1079 3276 1139 3338 age
1153 3258 1233 3340 jam,
1252 3251 1293 3315 bi·

205 3337 307 3418 larius
319 3358 467 3422 agamus.
491 3339 589 3403 Seru.
636 3339 740 3400 Vir-tm
751 3337 831 3399 hacc
847 3335 942 3416 dicit,
965 3337 1018 3398 cui
1038 3339 1152 3412 nescio
1169 3361 1209 3403 an
1233 3335 1294 3399 talia

206 3418 411 3498 acclamatio,
436 3427 561 3506 qualem
577 3422 739 3508 Seyboicius
754 3427 841 3496 vult,
865 3419 972 3482 minus
983 3422 1184 3487 convenerit.
1210 3419 1294 3486 Nihil
1338 3435 1339 3438 ’

207 3506 343 3569 omnino
358 3502 570 3589 praterbialis
584 3505 664 3569 haec
677 3505 802 3569 locutio
819 3503 989 3589 significat,
1012 3527 1108 3589 quam
1120 3505 1202 3569 boor
1223 3506 1295 3568 Nor·

207 3588 278 3657 dum
293 3590 461 3655 absolutum
476 3609 517 3655 est
530 3595 677 3674 negotium
698 3607 845 3655 nostrum:
865 3610 1022 3673 pergamus
1037 3594 1105 3673 jam
1122 3590 1167 3651 ad
1184 3590 1295 3657 aarum

207 3674 353 3736 dramatis
368 3679 462 3736 nostri
473 3693 583 3738 oerum.
626 3675 680 3736 Sic
693 3676 762 3736 fere
775 3677 871 3736 etiam
886 3672 1026 3735 Belinus:
1047 3674 1180 3740 Passeris
1193 3674 1295 3738 alas

206 3759 301 3821 conde
311 3765 410 3841 partie
424 3759 460 3819 de
477 3777 558 3823 notre
574 3757 733 3843 opiration.
756 3759 826 3822 Nec
846 3756 1031 3825 Wielandius
1045 3756 1218 3839 dissentit,
1237 3777 1295 3823 vet·

206 3855 294 3905 tens:
318 3843 423 3907 Unser
438 3844 594 3906 Geschiift
609 3845 652 3904 ist
665 3843 751 3904 noch
767 3841 861 3905 nicht
875 3865 916 3903 au
928 3840 1032 3905 Euda.
1054 3843 1177 3909 Lama

291 3926 370 3991 Eas.
384 3931 407 3990 l.
422 3936 471 3998 13.
494 3928 686 4012 Συλλογισμὲ)
708 3928 794 4006 Apta
808 3925 887 3986 huic
898 3924 945 3987 rei
958 3928 1148 4013 Syllogismi
1162 3920 1294 4013 persona,

207 4021 276 4073 tum
293 4010 381 4093 quod
394 4013 562 4076 familiaris
578 4009 806 4095 philosophis,
830 4027 897 4071 tum
935 4020 1044 4092 ropte'r
1056 4026 1210 4095 etymon,
1231 4008 1294 4097 quit

208 4092 410 4159 'collectionem
423 4110 525 4158 norat.
545 4098 648 4159 Gasr.
670 4095 743 4180 Ego
759 4093 886 4180 quidem
902 4032 1214 4179 §nogiomo-puero
1242 4114 1293 4157 tat·

208 4181 300 4241 conis
316 4202 432 4245 munus
447 4181 686 4248 condonass‘em.
712 4201 771 4246 nec
784 4178 892 4250 callide
904 4178 981 4243 satis
994 4178 1030 4245 id
1041 4180 1191 4267 perfecit.
1212 4116 1292 4245 gara
