2678 4800
198 387 275 462 544
463 376 1061 473 nnsorarronnu‘

197 552 290 618 loeus
303 566 401 629 prave
417 536 678 620 interpunctione
690 535 828 618 pessime
836 534 985 612 habiture
1008 538 1164 603 etnihilo
1178 545 1290 614 melior,

201 637 241 699 nd
256 648 392 696 mentem
414 622 577 700 auctoris,
601 621 679 680 oriri
702 622 814 702 potuit
838 621 1076 704 interpretatio.
1120 626 1179 687 sio
1198 643 1292 689 nutem

201 720 384 799 distingue,
410 710 552 790 Θαρῥεῖτε
564 702 673 769 τούτου
687 730 719 788 γε
734 706 826 771 ἕνεκα.
851 703 961 772 οὐδένα
979 714 1127 775 τοιοῦτον
1144 723 1208 774 ete.
1249 714 1294 775 Se·

201 827 256 869 cus
273 799 354 861 illud
370 790 478 860 τούτου
493 817 526 875 γε
542 791 628 855 ἕνεκα
642 790 708 848 fuit
721 790 761 850 ab
778 793 921 872 Θαρῤεῖτε
936 790 1111 871 divulsum,
1122 808 1292 879 etrsequen·

201 891 289 951 tibus
304 876 476 959 adjectumi
519 876 598 934 Vult
613 875 697 933 enirn
713 889 840 952 auctor,
863 874 953 938 Dceo
966 876 1084 960 quidem
1098 904 1139 939 ne
1148 878 1295 943 mourut

200 973 285 1037 liciti.
330 966 482 1026 Neminem
497 983 549 1043 ego
565 958 652 1019 talem
671 962 810 1020 constitui
825 961 899 1021 milri
913 961 1068 1043 postulape
1077 962 1234 1044 judicent,
1254 968 1296 1049 pri

201 1063 240 1119 eit
256 1067 403 1135 suspectus
417 1046 466 1107 vel
477 1068 594 1126 anceps.
638 1045 737 1103 Plane
753 1043 803 1102 uti
819 1064 878 1103 nos
893 1044 976 1104 hano
991 1047 1177 1117 lectionem
1200 1046 1295 1131 dispo.

202 1141 342 1211 suimus,
368 1128 636 1214 deprehendimus
652 1142 766 1207 postea
782 1126 894 1189 haberi
916 1130 950 1187 in
966 1128 1115 1193 editione
1135 1132 1296 1197 Florsniti

204 1220 292 1307 quod
312 1219 380 1279 illie
406 1215 565 1303 particula
586 1237 635 1295 γε,
660 1233 753 1292 quam
775 1213 857 1273 aliae
879 1211 1039 1276 editiones
1055 1228 1147 1277 recte
1162 1231 1295 1297 servunt,

204 1322 255 1370 est
273 1305 413 1366 omissa?
444 1301 531 1360 Mira
552 1297 700 1377 profecto
722 1297 908 1378 interpretis
927 1297 1047 1379 prioris
1071 1298 1244 1379 socordis,
1266 1316 1296 1362 nt

205 1392 262 1477 qui
279 1383 434 1470 loquendi
451 1385 621 1444 formulam
637 1380 810 1461 aliquoties
824 1379 862 1440 ab
877 1382 988 1443 Nostro
1008 1380 1089 1442 alibi
1106 1386 1293 1466 usurpatam,

205 1497 271 1536 non
288 1472 399 1532 melius
418 1464 609 1540 observarit,
638 1480 675 1524 ut
698 1486 764 1525 earn
782 1464 844 1524 hoc
864 1465 899 1525 in
918 1470 993 1526 loco
1009 1464 1237 1548 depravatam,
1254 1468 1294 1529 in.

205 1557 350 1643 tegritati
374 1575 451 1614 suae
476 1550 606 1614 reddere
635 1570 702 1608 non
730 1549 884 1629 potuerit.
927 1549 997 1614 Jsm
1022 1572 1123 1632 supra
1147 1554 1184 1613 in
1206 1555 1293 1617 Dent.

206 1644 282 1705 dial.
298 1639 372 1701 XX.
389 1638 415 1720 ᾗ.
436 1642 487 1706 15.
523 1629 636 1712 &ridden
651 1631 760 1697 τούτου
779 1659 813 1717 ye
834 1634 930 1698 ἕνεκα.
959 1640 1047 1701 παῖδε
1066 1632 1129 1720 γάρ
1153 1664 1209 1721 pos
1225 1637 1294 1705 istit

205 1725 270 1795 dulos
283 1722 382 1798 καλοί,
404 1723 505 1784 Nesis
519 1719 623 1780 dehoc
644 1717 760 1801 quidem
780 1718 942 1781 sollicitus:
969 1737 1038 1782 sunt
1059 1724 1142 1783 enim
1160 1724 1235 1787 milti
1250 1724 1295 1785 dno

227 1813 324 1875 ulchri
337 1808 414 1893 filii.
457 1807 549 1866 Infra
572 1823 701 1883 quoque
724 1804 759 1861 in
780 1802 916 1886 Cataplo
939 1824 1007 1883 cap.
1022 1812 1054 1873 8.
1084 1810 1294 1892 Μεγαπένθης.

205 1903 369 1964 Απολεῖται
382 1883 439 1956 οὖν
453 1889 565 1975 χρυσὸς
579 1894 736 1966 repetitos,
760 1885 891 1955 Κλωθώ.
938 1883 1002 1954 ov'x
1013 1884 1185 1958 ἆυολεῖται.
1206 1888 1296 1978 diditi
1311 1896 1314 1901 ’

205 1979 317 2048 τούτου
334 1978 478 2062 γείνεκα,
521 1976 583 2034 Pro
601 1971 770 2055 Imaginib.
786 1995 811 2037 ο.
829 1981 878 2041 16.
905 1971 1028 2059 &uldrico
1052 1966 1079 2040 oi
1092 1985 1226 2058 Λυκῖνε,
1243 1974 1301 2059 epi·

206 2094 262 2133 του
283 2090 317 2148 γε
337 2064 438 2140 ἕνεκα,
471 2057 511 2134 ὥς
532 2051 568 2124 ori
595 2054 714 2137 φαῦλόν
729 2082 766 2136 με
781 2054 951 2143 ὑποκριτὴν
965 2062 1040 2137 ἕξων
1054 2066 1112 2141 τῆς
1128 2056 1293 2147 ἄπολαγίος,
1316 2070 1321 2143 ',

207 2153 324 2227 Nesis,
347 2152 390 2209 mi
403 2147 534 2230 Lycum,
557 2166 732 2224 magnopere
751 2141 787 2205 de
803 2143 859 2207 ίιοο
870 2143 1036 2229 sollicitus,-
1057 2149 1172 2239 quippe
1186 2150 1238 2233 qui
1252 2158 1295 2211 rios

197 2236 324 2324 futilem
348 2258 396 2293 me
417 2231 596 2315 defensionis
618 2243 685 2287 tuae
707 2228 861 2289 habiturus
883 2233 924 2290 sis
944 2246 1086 2293 actorem.
1136 2234 1196 2295 De
1213 2248 1295 2294 morte
1317 2246 1322 2299 “,

206 2319 373 2403 Peregrini
389 2340 415 2378 c.
432 2325 483 2384 26.
524 2308 611 2378 Ἀίλὰ
624 2313 777 2393 &edicito
792 2310 901 2378 τούτου
912 2339 946 2397 γε
959 2315 1057 2379 ἕνεκα.
1087 2315 1149 2400 ἐγώ
1169 2314 1228 2403 peip
1247 2310 1318 2383 tn'

207 2409 359 2488 μοοαίμην
381 2398 420 2466 div
438 2417 500 2462 etc.
532 2400 625 2462 Jnns.
677 2397 731 2456 Sic
750 2397 904 2471 exhibui,
934 2403 1032 2463 utel.
1058 2399 1295 2487 Jeneipsjustit,

206 2512 338 2574 pravam
352 2484 646 2567 interpunctionem
665 2480 820 2542 tollendo.
840 2482 967 2543 Rarrz.

292 2605 371 2669 Eud.
387 2609 409 2665 1.
429 2611 479 2670 10.
500 2597 554 2664 Ἐκ
568 2603 763 2680 περιουσίας)
786 2599 955 2662 Adleverat
967 2622 1043 2663 orae
1059 2602 1112 2664 ed.
1139 2602 1296 2669 Gmwtict

206 2691 460 2762 Herennianus,
481 2685 627 2748 Dolorem
648 2683 878 2746 consulendum
901 2685 941 2745 ad
963 2687 1135 2773 Thucydid.
1161 2692 1252 2755 VIII.
1272 2710 1295 2771 p.

206 2785 281 2847 332.
326 2773 387 2838 Sed
403 2787 451 2834 est
472 2794 504 2854 p·
518 2778 591 2840 532.
617 2792 650 2832 n.
665 2777 716 2838 37.
740 2772 794 2850 (et
807 2770 880 2850 Rip.
895 2771 967 2832 Vol.
984 2770 1022 2832 V.
1037 2795 1069 2853 p.
1084 2775 1296 2857 255.)an

205 2858 451 2945 reineccium,
483 2872 515 2918 et
535 2851 596 2919 oind
616 2858 808 2934 περιουσίας,
839 2877 881 2916 ex
906 2854 1091 2935 abundanti,
1128 2861 1217 2939 sive,
1240 2856 1296 2945 plrr

206 2970 296 3091 priam
310 2969 382 3028 opus
396 2960 452 3022 est,
475 2963 514 3002 ex
534 2939 666 3020 Thucyd.
686 2938 833 3016 affertur,
855 2953 888 3001 et
907 2939 1135 3005 hseoLuciani
1147 2945 1295 3027 vetitum·

230 3052 279 3094 em
294 3027 390 3091 modo
405 3041 621 3109 exponuntur.
645 3025 768 3086 llnrrz.
1158 3048 1165 3075 .-

290 3163 369 3226 Eae.
385 3167 406 3224 1.
424 3168 473 3230 12.
500 3161 541 3225 Τί
563 3160 770 3241 ποιοῦμεν]
795 3158 902 3219 Possit
918 3157 989 3241 quis
1002 3158 1165 3242 suspicari
1176 3165 1208 3229 τί
1216 3166 1293 3243 πανί-
1320 3130 1326 3163 ι

184 3286 193 3313 ,-
206 3276 278 3337 μεν,
301 3249 376 3330 quin
395 3247 474 3307 haec
491 3246 556 3304 sint
572 3242 750 3304 dubitantis
771 3258 803 3305 et
826 3241 1033 3303 deliberantis
1056 3246 1193 3389 potins,
1215 3264 1291 3333 qua!

134 3351 141 3369 ¹
205 3334 396 3416 simpliciter
424 3333 577 3413 rogantis.
611 3328 707 3411 idque
730 3350 768 3389 eo
788 3327 909 3387 rectius
930 3326 999 3389 lieri
1019 3327 1054 3389 vi
1078 3344 1291 3417 entur,qnnn

205 3415 399 3502 respondeat
416 3417 523 3476 statim
539 3416 704 3477 Socrates:
731 3417 765 3478 Τί
778 3414 810 3479 dl
821 3407 891 3476 illo
909 3412 991 3493 (int.
1006 3410 1167 3501 ποιῶμεν)
1180 3412 1205 3499 ἢ
1216 3416 1291 3501 βαδί-
1329 3434 1335 3503 1

207 3511 302 3585 ζομεν
318 3506 406 3579 (nou
421 3502 600 3582 βαδίζομεν)
623 3499 671 3562 ἐπί
692 3522 718 3561 c·
743 3498 771 3564 δ.
815 3498 864 3555 Ac
881 3517 991 3558 revera
1010 3504 1148 3581 ποιῶμεν
1168 3500 1292 3565 cuibu-
1321 3522 1335 3599 p

83 3592 86 3599 '
207 3590 283 3651 dum
299 3586 482 3664 suspicatur
498 3583 625 3646 Conrier.
635 3582 673 3641 ad
684 3583 899 3665 Asin.p.288.
909 3596 940 3643 et
955 3576 1144 3661 suppeditat
1159 3566 1292 3649 enm'lec·
1331 3604 1337 3707 Ι

206 3675 327 3739 tionem
349 3677 444 3738 3011.
495 3668 718 3731 Nihilominus
746 3683 858 3729 auctor
883 3670 913 3731 τί
939 3671 1107 3749 ποιοῦμανς
1124 3668 1290 3753 :scripsisse
1332 3710 1336 3743 ,-

205 3755 385 3840 putandus3
409 3752 505 3814 modo
522 3773 648 3814 aecum
664 3750 783 3822 Belino‚
807 3750 863 3834 qui
879 3766 912 3812 et
928 3750 997 3833 ipse
1009 3758 1161 3835 ποιοῦμεν
1172 3748 1291 3819 retineri

206 3846 294 3918 vult,
316 3838 432 3900 habeas
446 3837 480 3898 id
497 3859 556 3919 pro
579 3835 702 3897 Futuro
724 3834 835 3897 Attico
856 3839 907 3896 vel
922 3832 1074 3909 secundo.
1105 3838 1192 3909 ΙΙοιο
1207 3839 1292 3901 Prot·
1329 3848 1335 3887 ἱ

206 3946 279 3987 sens
302 3940 367 4001 est,
392 3939 425 3984 et
448 3922 533 3982 nihil
552 3918 656 3997 aliud,
681 3935 718 3980 ut
735 3935 767 3983 et
790 3926 941 4003 pleraque
962 3939 1073 3983 eorum
1086 3927 1289 4007 exemplorum

207 4009 386 4085 docebunt,
414 4029 495 4090 quae
512 4011 573 4088 jam
587 4004 626 4064 ad
645 4004 832 4065 firmandum
855 4017 887 4073 et
901 4002 1129 4077 illustrandum
1153 4007 1241 4069 huno
1252 4002 1288 4065 di·

207 4093 301 4155 cendi
318 4115 435 4154 morem
450 4093 619 4172 proferam.
664 4090 806 4151 Primum
821 4111 892 4151 cum
905 4086 1054 4171 negativa
1066 4080 1228 4181 particula
1241 4085 1285 4151 uti-

206 4192 259 4241 tur
276 4179 383 4241 Noster
399 4175 586 4239 creberrime
602 4176 631 4238 τί
644 4170 697 4254 οὗ,
720 4179 749 4241 τί
759 4168 835 4254 οὖν,
858 4175 887 4239 τί
900 4166 982 4255 οὐχί,
1002 4164 1162 4259 teq'uepte
1175 4174 1284 4241 Indict-
