2678 4800
208 351 287 481 &d
376 372 385 405 ²
472 364 1084 474 aanorsrrones'

207 568 280 635 dam
296 590 364 632 nora
377 565 486 633 rideo.
529 564 691 651 Dialogos
711 576 798 629 certe
808 564 1017 634 Mortuerum
1028 566 1308 655 qniwtjss.

207 659 272 721 cilo
286 655 315 717 is
331 674 390 717 nec
403 672 480 714 sane
495 648 619 711 invitus
639 648 680 711 ds
693 650 855 732 Menippo
871 651 983 735 aliquo
1001 654 1056 714 rel
1066 652 1235 740 'Diogene
1246 652 1308 722 lul.

206 733 688 906 rrizlirrrlrmtr‘
703 732 901 904 illidi
912 734 1307 905 illl.“1l⁵‘l“3¹?a⁸i

671 869 681 898 a
730 863 739 880 ·
788 869 797 886 ·
891 869 911 903 ,·
1032 869 1044 888 ·
1107 867 1120 902 a
1167 869 1177 887 ·

206 907 426 994 perhibentur.
448 907 567 968 eraar.
1026 952 1033 968 ι
1065 934 1075 975 ς’
1109 950 1122 975 2
1151 928 1180 969 ·.·¹

290 989 369 1054 Eud.
383 994 407 1051 1.
419 995 451 1056 4.
474 982 690 1071 Λωποδῦιης)
709 988 809 1073 Angl.
821 982 1024 1089 τυμβωρύχος
1046 1034 1049 1039 -
1068 990 1143 1053 Has
1157 992 1306 1057 voossin

206 1088 423 1160 terpretautur
435 1073 697 1154 Pollux,Hesycd
712 1073 798 1135 Suid.
811 1094 851 1136 co
876 1086 955 1136 roae.
976 1075 1148 1159 interpres
1159 1078 1306 1141 Dmmrh

205 1162 319 1225 Libora.
339 1160 416 1242 Arg.
441 1172 522 1219 orat.
541 1171 652 1219 contra
672 1156 825 1221 Midian.
853 1094 990 1221 horno.
1034 1161 1160 1224 Utrum
1179 1162 1304 1245 pober,

124 1291 127 1296 -
204 1267 263 1330 pet
278 1267 312 1309 re
326 1242 360 1306 h.
374 1246 396 1304 1.
410 1241 544 1325 perinde
564 1256 631 1306 est:
655 1241 711 1305 ssd
732 1256 841 1303 utrum
857 1243 974 1327 eligas,
996 1241 1180 1309 difficulter
1195 1244 1304 1331 dijul'i

204 1330 344 1406 noveris,
369 1348 467 1409 quum
486 1341 656 1411 utrumque
679 1348 737 1387 sua
759 1327 999 1390 commendetur
1019 1329 1233 1393 auctoritate.
1249 1362 1253 1367 ·
1269 1332 1303 1393 In

204 1414 267 1479 hac
279 1410 433 1498 ponderis
450 1412 646 1495 aequalitate
664 1412 843 1479 consultius
867 1408 948 1474 duxi
966 1411 1001 1474 ia
1026 1413 1232 1478 Editiouurn
1250 1418 1303 1480 lso

203 1500 297 1562 tione
309 1497 521 1579 acquiescere.
543 1498 664 1560 Lunna.
1191 1532 1205 1561 ,ι
1236 1530 1240 1537 -

288 1581 368 1646 Eud.
383 1586 405 1643 l.
427 1587 477 1649 11·
496 1577 552 1646 'Er
566 1582 763 1661 Διονυσίοις)
784 1581 847 1643 His
861 1594 951 1645 acrae
964 1580 1062 1644 etism
1075 1581 1302 1672 Aristophanis

201 1668 321 1746 nubes,
344 1687 422 1753 quas
445 1666 530 1749 ipsas
550 1688 622 1727 cum
644 1667 804 1748 patienter
826 1665 906 1729 adeo
927 1666 1041 1728 tulerit
1064 1667 1302 1749 Socrates,-val

202 1753 336 1816 fortiter
356 1751 466 1834 potius
486 1764 518 1812 er
541 1771 658 1833 magno
681 1751 808 1812 animor
840 1772 952 1833 parum
975 1750 1132 1817 docorum
1152 1776 1301 1837 personas

202 1839 293 1899 illius
309 1835 450 1898 servavit
466 1835 501 1894 in
520 1834 584 1897 hoc
604 1835 736 1919 dialogo
755 1835 937 1913 Lucienus,
967 1857 1032 1920 quo
1056 1850 1132 1899 toto
1157 1838 1300 1904 nimirum

30 1959 34 1967 ‚
159 1980 167 1992 ,
203 1918 401 2004 impotenter
425 1919 523 1980 nimis
543 1920 679 1983 insultat
702 1919 863 2003 capitibus
884 1934 1059 1993 sectarum,
1090 1923 1198 1985 nimis
1219 1924 1301 1989 d's-ss

202 2008 476 2089 arroganter,'vel
488 2003 692 2086 impudenter
705 2005 813 2087 potius
833 2019 1067 2067 commemorat.
1092 2008 1206 2071 Gran.
1246 2010 1300 2075 Na·

203 2113 268 2176 que
286 2089 470 2154 Wielo'ndius
483 2111 549 2150 non
564 2088 704 2174 ingenue
723 2092 863 2165 fatetur,
887 2109 941 2165 ea,
964 2110 1046 2173 qnae
1065 2090 1299 2158 Laetamur
1331 2134 1334 2143 ·

201 2175 305 2260 ipsam
318 2172 562 2253 Philosophiam
579 2173 686 2236 dicere
699 2174 819 2255 jubeat,
839 2173 1150 2238 licetrersutissins
1162 2178 1298 2258 inventa,
1330 2180 1335 2217 ³

201 2282 272 2323 noo
285 2276 392 2321 tamen
405 2256 551 2321 sufficere
567 2257 606 2318 sd
623 2258 818 2321 cavillatoria
829 2257 1033 2319 insolentiam
1051 2260 1144 2320 omni
1160 2284 1206 2324 ex
1221 2276 1298 2348 parta

202 2342 426 2408 excusandam.
475 2341 574 2426 Quod
596 2343 681 2404 enim
706 2343 779 2425 quis
808 2342 928 2422 injuria
949 2342 1083 2404 affectus
1105 2344 1192 2407 forti
1215 2349 1299 2411 siret

202 2450 358 2515 generoso
373 2428 496 2508 animo,
514 2448 552 2489 eo
568 2441 672 2489 tamen
685 2449 753 2489 non
766 2425 857 2487 reddi
869 2429 1035 2489 meliorem
1049 2432 1140 2511 ejus,
1162 2432 1225 2516 qni
1236 2430 1300 2496 aiis.

142 2578 148 2593 ,
197 2515 304 2592 ecrit,
328 2533 481 2579 caussam.
525 2512 625 2577 Recte
640 2511 779 2596 quidem.
813 2510 877 2574 Sed
893 2509 958 2572 duo
973 2513 1129 2574 tamenin
1145 2513 1299 2579 haeum.

200 2620 239 2659 sa
254 2596 355 2661 teneri
369 2597 487 2657 velim:
510 2595 658 2679 primum,
682 2595 770 2679 quod
783 2595 875 2673 haec,
898 2614 916 2656 a
930 2595 1150 2679 Philosophia
1164 2620 1300 2683 pronun.

201 2683 293 2758 tiara,
317 2679 405 2741 haud
421 2679 521 2743 dubie
535 2681 702 2741 Lucienus
718 2702 784 2741 non
800 2693 865 2741 tam
878 2678 918 2740 ad
932 2680 1201 2765 repurgandum,
1215 2706 1299 2769 qnam

108 2794 115 2801 ·
199 2765 312 2848 potius
328 2764 368 2826 ad
385 2763 582 2827 adverterint
598 2786 675 2826 suos
691 2764 894 2849 pnngendos,
905 2769 1010 2826 valere
1024 2767 1182 2829 voluerit.
1205 2772 1300 2833 Drin-

200 2851 243 2913 de
257 2871 351 2927 vcro,
373 2849 432 2910 nbi
446 2851 517 2932 ipae
531 2871 564 2911 se
580 2847 745 2927 defendit,
769 2849 926 2930 imprimis
942 2871 960 2909 a
979 2871 1006 2911 c.
1020 2858 1072 2920 30.
1087 2850 1147 2913 vita
1163 2862 1299 2919 enum

198 2944 289 2997 suain
312 2934 398 3021 agit,
420 2948 458 2994 ut
470 2935 611 3018 apertius
632 2934 795 3018 principes
818 2933 870 2997 illi
890 2933 1081 3017 philosophi
1095 2934 1139 2997 ab
1160 2938 1299 3027 indignis

98 3078 101 3083 ,
199 3040 311 3081 eorum
326 3020 431 3081 simiis
447 3018 704 3106 distinguantur,
727 3036 824 3103 atque
838 3016 917 3081 adeo
934 3021 997 3101 jam
1010 3040 1078 3080 non
1093 3022 1230 3102 possint
1239 3044 1299 3089 noe

196 3104 348 3168 lubenter
374 3105 409 3163 in
429 3105 562 3188 gratiam
584 3103 689 3166 redire
716 3125 790 3166 oum
816 3102 983 3167 verissimo
1002 3103 1150 3186 ipsorum
1169 3113 1297 3175 cultore.

197 3185 290 3252 Hinc
306 3202 339 3251 et
355 3186 420 3250 duo
436 3202 566 3270 patent:
589 3190 740 3272 primum,
761 3190 961 3268 Lnoianum,
983 3185 1060 3249 dum
1073 3209 1216 3276 magnos
1230 3194 1298 3259 illos

196 3271 413 3358 philosophos
426 3273 482 3335 hic
497 3273 567 3332 illie
579 3274 695 3356 petiit,
718 3274 852 3335 nonnisi
868 3287 987 3351 sectas,
1012 3272 1111 3336 abiis
1126 3280 1295 3361 proiectu,

198 3373 423 3443 uotorumque
436 3357 574 3421 maxime
590 3356 733 3420 studium
751 3371 859 3440 petere
875 3361 1039 3434 voluisse3
1064 3361 1296 3449 ulterumpps-

70 3449 73 3453 '
197 3443 370 3505 tuisntiam
384 3441 551 3525 scriptoris
566 3444 687 3520 nostri,
711 3443 772 3505 etsi
793 3443 926 3505 nimiam
945 3444 1083 3526 passim,
1106 3463 1146 3507 ao
1160 3470 1238 3513 vere
1250 3448 1296 3511 in·

195 3529 369 3612 juriosam,
389 3541 580 3591 nontamen
601 3527 739 3613 perditi,
762 3540 811 3602 et,
835 3532 929 3613 cujus
950 3526 1096 3591 amnltis‘
1115 3528 1226 3619 iisqne
1246 3540 1297 3597 eu.

195 3611 380 3693 pidioribos
394 3610 583 3675 hominibus
601 3627 770 3676 accusatus
790 3627 855 3697 est,
882 3613 1043 3687 malitiosi
1058 3612 1165 3681 enimi
1185 3618 1295 3683 fnisse.

129 3743 133 3752 .
193 3697 317 3760 Iluam.
772 3743 777 3752 ι
1210 3730 1214 3739 ·

280 3781 359 3845 End.
371 3785 394 3844 l.
405 3787 455 3853 15.
477 3779 592 3867 Ὦςπερ
608 3783 644 3850 cd
657 3787 803 3871 χρυσίον,
833 3778 1057 3868 duodecimos
1069 3792 1136 3866 soie
1145 3780 1293 3875 αὖραι,

192 3863 402 3948 λαμπρότερον
423 3863 620 3955 ἀποστίλβει)
647 3870 806 3935 Erasmus:
826 3886 971 3956 torquem
990 3894 1117 3951 numm,
1142 3896 1210 3949 murs
1230 3898 1294 3937 n-

193 3965 258 4012 ram
276 3953 435 4032 inciditur,
466 3953 578 4018 clarius
598 3954 714 4019 relucet.
757 3957 804 4017 Et
826 3975 944 4041 quaeso
951 4006 961 4037 ,
992 3954 1074 4040 quid
1096 3956 1179 4021 hino
1202 3957 1294 4021 distat

193 4034 381 4115 Benedictus,
403 4039 649 4122 quemadmodum
664 4064 781 4117 aarum,
804 4065 872 4103 cum
884 4056 998 4103 erutum
1012 4040 1171 4120 inditur,
1188 4042 1291 4109 elota

195 4120 346 4208 affulget?
366 4121 499 4187 Scilicet
510 4124 573 4186 hoc
589 4139 666 4206 erat,
691 4125 781 4211 quod
794 4126 1291 4213 silnurisnsenintmprssrsio*

193 4224 268 4269 uem
280 4204 466 4277 merehatur.
511 4209 558 4274 At
569 4210 648 4299 quid
661 4208 727 4277 hoo'
742 4210 791 4277 r'ri
812 4210 888 4279 eor
909 4229 952 4287 ra
972 4210 1290 4285 auruum&
