2678 4800
124 395 198 476 588
384 350 956 477 an'aor'iarrounr

122 559 337 644 Philosophia
354 522 429 620 dici
447 577 581 626 ,necatae
598 566 663 617 ert:
685 553 984 618 convenientiorem
1005 557 1119 619 multo
1145 556 1237 628 (3ου-Ι

121 648 497 737 junctivumeaaepatet.
524 642 645 706 Lauro.
1225 696 1228 701 Ι

206 763 287 830 thid.
305 759 388 843 Ἤδη
406 755 527 834 αὐτούς.
571 765 645 823 ΠΛ.
667 752 772 842 ἡμᾶς)
799 759 851 835 Ite
873 758 994 844 optime
1016 760 1234 845 depravatam

57 864 60 869 '
121 849 441 938 prinehunclocum
461 844 881 937 restituuntAngl.etMt.
901 846 957 907 Gr.
997 844 1189 930 In·edd.e'p'
1224 892 1235 915 .

116 942 196 1004 ΠΛ,
220 929 332 1006 αὐτοὺς
350 927 441 1013 ἡμᾶς.
471 928 598 1005 βοιια.
643 927 739 989 Certa
756 948 806 991 rer
823 927 1150 996 confirmaturetiam
1164 955 1203 997 co

90 1210 93 1233 ²
122 1184 342 1271 Peripatetici.
369 1184 480 1246 Baon.

210 1272 369 1353 fag-178·
386 1272 407 1328 ¹·
423 1275 453 1335 7·
479 1266 630 1349 Θέρμους)
652 1267 738 1331 Dixi
752 1266 791 1335 ad
800 1270 934 1332 Petronii
942 1268 1075 1353 lupinos.
1094 1272 1229 1334 Bonan.

209 1354 290 1420 Eud.
306 1358 329 1416 l.
343 1361 372 1422 8.
390 1349 519 1432 ’Ἄρτους
531 1357 591 1416 τῶν
606 1348 840 1440 αὐτοπυριτῶν)
862 1355 952 1417 Haec
966 1355 1080 1417 omnia
1093 1354 1134 1419 in
1146 1357 1231 1419 Dia·

57 1442 63 1450 “
123 1447 192 1527 leg.
207 1442 310 1504 Mart.
326 1451 359 1501 et
374 1437 409 1497 in
422 1437 549 1519 Catapl.
572 1437 708 1505 Bonan.

210 1540 288 1605 Eud.
301 1543 325 1605 l.
342 1545 372 1607 9.
395 1540 459 1605 Καὶ
476 1542 666 1622 μαχαιρίδων
680 1535 828 1623 θυτικδν)
851 1540 1008 1624 secespita.
1043 1530 1180 1611 Omani.
1194 1540 1230 1607 td

114 1631 208 1696 ‘Sura
223 1627 307 1710 Aug.
324 1625 411 1706 (imo
426 1624 500 1688 Tib.
514 1625 585 1704 25.)
602 1622 676 1688 dico
693 1625 765 1688 fuae
780 1622 870 1688 alibi.
901 1626 1040 1689 Bonan.

210 1745 288 1810 an.
304 1747 327 1808 l.
344 1751 392 1812 10.
417 1747 625 1826 Μαχαιρίδιον
636 1741 788 1823 θυτικδν)
810 1746 919 1806 Placet
931 1741 1086 1811 τιυθικδν.
1113 1752 1229 1831 Maxer-

126 1827 392 1920 ρίδιονττυθτκδν,
414 1828 591 1910 Delphicum
604 1827 752 1910 gladium.
774 1830 882 1890 Baon.
926 1829 1088 1893 Brodoeur
1098 1833 1226 1917 μαχαιρί-

126 1925 194 1985 διον
213 1911 366 1991 πυθτκδν,
395 1913 572 1994 Delphicum
592 1912 738 1994 gladium.
783 1915 901 1976 Verum
925 1909 1029 1997 ἀτυχεῖ
1044 1914 1135 1982 πάνυ
1155 1922 1224 1983 λίαν.

125 2002 279 2065 Dixiaret
301 1997 406 2058 saltim
424 1997 621 2077 Delphicum
645 2003 792 2059 cultrum.
836 1995 898 2060 Sed
917 2018 1025 2081 nequa
1041 1998 1116 2068 hoc
1129 2022 1225 2086 nequa

127 2085 211 2149 illud
225 2086 378 2146 Lucienus
394 2081 511 2157 voluit,
525 2104 634 2147 verum
649 2083 791 2166 intelligi
807 2087 997 2166 μαχαιρίδων
1013 2084 1150 2151 θυτικὸν
1162 2088 1224 2147 cnl-

126 2175 239 2234 tellum
263 2167 543 2239 sacrificatorum,
567 2167 636 2228 sive
658 2171 795 2226 cultrum
818 2165 858 2228 ad
877 2166 1050 2246 tacrificia,
1075 2188 1116 2231 ac
1133 2173 1223 2232 fastu

128 2255 313 2338 dictatque
335 2257 457 2334 epulae.
502 2252 615 2314 Culter
634 2251 817 2332 Delphicur
836 2252 1056 2315 nocaaaitatirr
1081 2258 1222 2317 cultello·

126 2338 377 2403 rectificatoriua
394 2335 581 2398 deliciarum
593 2350 634 2397 et·
646 2336 834 2418 voluptaria.
877 2337 910 2397 N
913 2358 955 2397 on
971 2334 1167 2422 perstringit
1178 2358 1223 2399 tu·

51 2412 56 2421 ’
128 2439 192 2485 tem
208 2445 257 2482 res
277 2421 316 2483 ad
332 2444 425 2481 usum
450 2421 584 2496 hujusce
598 2419 717 2500 Cynici
736 2424 818 2481 allae
831 2421 1001 2498 Lucinam,
1016 2421 1053 2482 in
1067 2430 1147 2504 pera
1165 2426 1223 2507 ejut

128 2508 294 2577 inventas,
318 2505 373 2568 aad
392 2526 473 2586 quae
492 2525 682 2565 summarum
700 2503 888 2566 deliciarum
904 2506 987 2584 rint,
1010 2511 1157 2590 χρυσίον,
1177 2512 1224 2590 pti·

129 2617 204 2677 ρον,
235 2594 422 2675 μαχαιρίδων
443 2587 587 2667 θυτικὸν,
617 2584 805 2672 κάτοπτρον,
828 2586 952 2673 κύβους.
996 2592 1143 2671 Aurum,
1166 2610 1224 2653 un-

19 2732 29 2739 .
130 2689 302 2760 guentam,
335 2675 499 2733 cultellum
528 2671 567 2734 ad
597 2672 769 2753 sacrificia,
799 2680 982 2757 speculum,
1014 2689 1154 2739 terserat
1171 2688 1223 2739 cit·

130 2757 396 2842 quemadmodum
423 2756 672 2819 sacrificationes
702 2758 820 2842 gumiie
849 2764 1016 2843 epularum
1043 2762 1225 2824 ocmaioaa

128 2843 270 2919 inerint,
294 2848 427 2927 longum
442 2841 543 2902 fuerit
559 2863 646 2903 nunc
657 2842 853 2905 edissertare-
880 2846 1042 2914 Mancre..
1088 2846 1146 2911 De
1159 2844 1225 2924 hot,

131 2927 208 2988 dum
221 2930 343 3012 reliqua
358 2940 522 2988 enumerat
536 2940 568 2989 et
583 2941 719 3005 enarrat,
743 2928 925 2990 Scholiasta
938 2934 1037 2990 altum
1049 2943 1158 3013 tacet3
1178 2950 1225 2992 nc·

156 3033 195 3073 ue
216 3014 294 3073 eatis
314 3013 437 3094 liquet,
462 3010 622 3094 quodnam
645 3010 709 3074 hoc
725 3013 972 3075 inatrumantum
985 3014 1100 3077 fuerit.
1144 3014 1225 3077 Hinc

129 3034 301 3158 doctorum
326 3100 547 3177 conjecturae,
570 3095 685 3181 quibua
708 3118 808 3158 meant
828 3097 925 3159 etiam
947 3095 1073 3162 addam.
1119 3100 1158 3164 si
1178 3118 1226 3185 gc·

128 3181 232 3242 nuina
247 3181 326 3242 haec
340 3180 435 3245 verba
451 3195 536 3259 sunt,
553 3180 591 3242 de
606 3201 671 3262 quo
683 3195 722 3241 ut
735 3180 933 3261 addubitem,
947 3182 1029 3245 facit
1042 3182 1227 3248 suhalim

129 3288 149 3328 ι
164 3287 214 3326 me
235 3268 298 3348 jam
316 3279 523 3326 memoratum
539 3264 723 3343 silentium,
746 3266 847 3326 riuum
860 3280 1006 3350 captasse
1022 3266 1158 3332 videtur
1168 3270 1226 3333 Lu·

128 3354 236 3413 cianus
248 3372 289 3412 ex
304 3369 386 3411 voco
407 3352 611 3431 μαχαιρίδων,
634 3370 717 3432 quae
733 3372 834 3435 acque
849 3372 886 3412 ac
900 3353 1079 3450 ἐγχειρίδιον
1094 3351 1136 3416 dc
1150 3352 1226 3416 libro

127 3437 242 3515 aliquo
260 3440 514 3516 'praeceptor-um
538 3457 574 3497 ea
602 3448 706 3496 aetate
732 3448 813 3497 noto
841 3436 980 3498 forsitan
1004 3437 1227 3521 nturpabatnr.

128 3517 255 3580 Addito
272 3533 376 3581 autem
391 3520 531 3597 θυτικὸν,
547 3525 653 3602 jocum
668 3518 794 3581 demum
811 3521 961 3601 patuisse.
1005 3524 1052 3582 At
1064 3520 1151 3607 quid
1161 3536 1228 3584 tan·

129 3603 202 3664 dem
216 3618 341 3686 αιτμαχ.
357 3613 427 3668 θυτ.
444 3604 598 3687 inquies?
629 3602 720 3686 Quid
731 3604 789 3664 alii
806 3604 959 3684 dixerint,
980 3603 1133 3672 audiisti.
1160 3608 1226 3691 Ego

31 3753 36 3765 ¹
128 3701 237 3748 tamen
257 3687 345 3748 aliud
363 3687 442 3772 quid
464 3688 592 3750 subesse
606 3687 769 3770 suspicor:
793 3702 847 3768 tu,
871 3710 911 3751 an
925 3705 1013 3753 recta
1026 3696 1226 3777 conjeceram,

129 3772 200 3852 ipae
214 3771 334 3852 judica.
379 3776 424 3836 Ac
437 3773 540 3854 primo
554 3771 684 3857 quidem
701 3794 783 3857 quae
797 3773 953 3838 Luciacus
968 3773 1009 3838 dc
1023 3773 1229 3860 pbilotophit

61 3900 63 3905 .
128 3855 253 3934 magiae
267 3855 563 3936 operam‘dantibua
579 3857 744 3938 scripserit
754 3857 788 3919 iu
803 3859 914 3922 libello
927 3858 969 3921 dc
983 3859 1123 3928 meroed.
1137 3856 1229 3925 aaa&

128 3938 250 4020 legito:
275 3939 362 4001 hunc
385 3963 446 4026 ego
466 3947 602 4003 cultrum
623 3940 740 4004 adcor
761 3962 839 4004 uaur
860 3959 1081 4025 comparatum
1103 3946 1227 4029 opinor.

128 4008 193 4083 Sed
219 4022 345 4104 quidsi
370 4025 517 4108 κουρικδν
535 4032 623 4110 legas
645 4047 704 4108 pro
724 4025 870 4108 θυτικδν,·
911 4026 988 4092 vid.
1002 4028 1088 4095 Ate.
1106 4028 1228 4095 hieu·

129 4113 223 4173 c.·29.
237 4105 317 4168 Plut.
335 4107 369 4168 in
385 4110 499 4175 Dione
514 4134 547 4193 p.
557 4118 649 4180 1667.
665 4111 689 4173 f.
705 4124 737 4174 et
748 4111 888 4197 Polyueri.
906 4112 1002 4179 strat.
1013 4114 1109 4181 vm
1121 4118 1227 4200 prot

129 4192 169 4258 B.
190 4190 247 4255 ubi
266 4216 298 4276 μ.
321 4196 467 4280 κουρίας.
509 4196 704 4272 ,Οοεαιιδοιινι
720 4194 885 4277 obcenae,
908 4198 1045 4287 Graecia
1056 4204 1225 4281 cuium
