2678 4800
154 367 253 442 Md
415 336 1041 457 annonsrrorus¹

153 534 271 616 Neque
284 529 363 595 stibi
374 551 445 592 cum
458 529 570 589 futuro
584 524 771 601 observavi3
795 526 850 590 sed
866 549 934 593 sor.
955 529 1011 592 hic
1025 545 1075 594 est
1090 533 1259 617 frequens.

152 620 252 704 Epist.
269 639 353 679 man.
367 636 394 681 c.
408 623 459 682 23.
475 634 505 694 P·
520 620 573 680 32.
597 615 623 676 si
641 607 674 676 d'
690 613 740 692 tpl
754 605 874 691 ἆξιοῦτε
892 609 921 678 τ’
942 610 1047 700 ἀγαθὰ
1063 614 1103 682 cci
1125 620 1261 726 ἐμαυτοῦ

153 702 314 770 ἀπολέσαι·
344 712 468 764 etcum
489 711 647 776 praesent.
670 695 748 761 ibid.
781 692 881 763 Ταῦτά
901 725 937 780 με
958 697 1104 783 πράσσειν
1124 707 1256 781 agassur.

152 790 232 852 Aor.
248 788 362 849 iterum
377 804 427 864 ap.
439 780 511 844 Ad.
527 781 567 841 V·
584 781 627 840 H·
644 778 709 850 ῙΧ.
732 787 785 848 29.
805 776 968 865 Ἀξιούσης-
980 791 1084 870 λαβεῖν
1101 784 1140 851 cd
1163 795 1256 875 doira.

153 871 288 959 Thucyd.
302 869 372 944 III,
395 873 446 934 44.
473 860 538 930 Oria
553 861 628 941 ἀξιοῖ
640 860 720 946 ipris
738 901 782 913 -
804 864 996 936 ἀπώσασθαι.
1027 873 1073 932 Et
1087 872 1152 953 ubi·
1163 874 1254 935 noni

152 960 278 1018 Rmz.
330 951 477 1018 Eundem
504 948 649 1012 Brunchsi
668 971 823 1031 errorem,
854 974 920 1034 quo
946 949 1054 1032 ἀξιοῦν
1076 972 1109 1019 et
1135 955 1254 1019 similia
1323 998 1326 1005 .

15 1110 17 1115 Α
154 1041 250 1104 verba
266 1036 437 1098 Infinitiro
453 1033 568 1094 Futuri
584 1035 676 1116 jungi
694 1056 788 1115 posse
810 1053 960 1121 negatur,
983 1040 1121 1121 castigat
1137 1041 1252 1103 Schne-
1304 1064 1305 1069 ¹

142 1126 233 1215 ferus
261 1120 300 1183 ad
325 1119 523 1203 Theognidem
554 1117 589 1177 in
610 1119 840 1181 Gnomicorum
863 1125 1251 1205 poetarum-Graecorum
1325 1070 1330 1175 i

153 1208 231 1274 edit.
254 1204 387 1270 Brunch.
415 1205 510 1284 Lips.
538 1224 609 1286 pag.
630 1211 680 1270 16.
711 1225 843 1266 excussa
872 1209 949 1267 satis
976 1212 1064 1288 larga
1089 1212 1251 1293 exemplo·
1325 1178 1330 1261 h

151 1316 221 1355 rum
242 1292 355 1375 copia,
380 1288 499 1373 quibus
527 1304 729 1370 praeceptum
762 1289 843 1350 illud
870 1292 1001 1354 Thomna
1020 1294 1170 1376 Magire,
1198 1293 1249 1357 cui

152 1393 278 1462 praeter
303 1376 450 1446 Jensium,
483 1371 632 1433 Reitzium
662 1387 695 1435 et
722 1373 906 1437 anehium
938 1378 1034 1437 etiam
1057 1379 1195 1441 Stes-zius
1214 1377 1248 1439 iu

120 1498 127 1515 .
150 1462 273 1526 Lexic.
288 1457 439 1540 Xenoph.
454 1460 494 1520 T.
512 1458 540 1519 l.
558 1478 589 1537 p.
604 1462 678 1525 551.
708 1458 914 1541 subscripsit,
937 1460 1105 1523 evidenter
1127 1464 1248 1526 refuta-

151 1563 216 1610 tur.
259 1547 299 1607 In
320 1543 372 1604 his
394 1542 490 1603 etiam
513 1544 604 1601 locus
623 1556 672 1602 est
692 1542 874 1625 Polytimus
894 1549 931 1607 T.
950 1546 993 1611 II.
1011 1567 1081 1631 pag.
1101 1554 1173 1617 115.
1193 1548 1246 1609 uli

134 1629 304 1711 ,ἀξιοῦντες
320 1622 495 1693 καταλύσειν
516 1647 582 1685 uon
602 1627 702 1710 magis
727 1627 915 1689 musandum
934 1645 1043 1692 censet
1064 1622 1247 1719 Schoeferrm

151 1712 247 1800 quam
269 1715 302 1781 h.
323 1718 345 1775 l.
373 1707 554 1792 τιμωρήσειν
576 1713 692 1771 mutari
718 1713 868 1794 patietur.
912 1714 1079 1776 Nonnulla
1110 1719 1147 1777 in
1169 1718 1247 1779 banc

148 1825 215 1865 rem
229 1801 325 1863 etiam
339 1796 504 1862 Cominius
516 1797 672 1878 proponit
686 1797 720 1856 in
739 1797 769 1858 N
774 1811 818 1862 ot.
833 1796 875 1859 ad
887 1799 978 1860 Asin.
992 1822 1024 1883 p.
1033 1807 1107 1869 292.
1131 1803 1246 1864 Luust.

233 1917 312 1981 Eas.
327 1921 350 1978 1.
364 1923 394 1984 6·
424 1915 572 1994 ΑΝΑΒ.)
612 1920 678 1979 Φιλ.
703 1904 770 2024 stipe
792 1908 817 1980 si
837 1913 992 2002 Διόγενες.
1039 1918 1245 1985 scribendum

151 2012 230 2071 Πλα.
244 1995 384 2086 eripete.
410 2017 483 2077 aut,
512 1993 692 2080 Φιλόσοφοι.
717 2025 793 2085 ευγε.
813 2003 974 2068 Mancrr..
1015 2012 1150 2071 ΛΝΑΒ.
1165 2020 1245 2069 reete

148 2092 191 2153 L:
209 2104 241 2153 et
254 2091 324 2149 Par.
341 2082 389 2147 ed.
405 2087 562 2169 Reliquae
579 2106 687 2148 omnes
704 2095 785 2164 φιλο.
810 2089 896 2170 quod
912 2088 1017 2151 minus
1033 2090 1244 2165 commodum,

148 2176 224 2260 quia
238 2171 447 2255 Philosophiae
461 2171 524 2254 ipsi
542 2170 576 2228 in
591 2169 653 2233 hoc
669 2171 813 2256 Dialogo
834 2173 934 2234 tribui
952 2179 1052 2251 solet,
1076 2197 1145 2237 uon
1169 2176 1247 2238 Phi-

78 2284 82 2301 ι
146 2260 295 2344 Iosophis,
321 2261 377 2338 qui
392 2258 446 2319 hic
462 2258 576 2338 utique
591 2253 779 2337 plaudentes
802 2256 1011 2323 inducuntur.
1035 2260 1183 2323 Soram·
1254 2320 1257 2325 ,

233 2343 309 2406 Eas.
325 2346 345 2403 l.
362 2340 525 2427 8.Ἔγχει)
552 2342 677 2424 Aquom
698 2339 830 2426 irfimde.
853 2343 963 2406 Bnon.
1008 2344 1124 2405 Glossa
1146 2345 1243 2409 Paris.
1321 2364 1324 2375 ·

146 2429 276 2509 habers
294 2429 383 2490 Verte
410 2426 604 2505 horologium.
650 2425 747 2508 Quod
770 2424 810 2485 ad
833 2446 979 2502 sensum,
1008 2450 1075 2489 non
1098 2432 1197 2505 male,
1218 2421 1244 2490 ii
1319 2378 1324 2487 i

145 2513 261 2592 hodie,
285 2536 357 2573 cum
373 2512 570 2595 clepsammiis
581 2532 640 2591 pro
654 2509 716 2592 clep
753 2508 815 2571 chris
831 2513 970 2588 utimur,
994 2511 1167 2574 dicendum
1190 2515 1244 2576 fo·
1318 2544 1322 2589 ι

144 2614 204 2660 ret.
248 2597 310 2659 Sed
335 2597 413 2678 quid
437 2597 491 2655 hic
510 2595 570 2667 sit,
594 2600 658 2678 jam
680 2595 713 2653 in
740 2598 866 2655 icarunt
890 2598 947 2658 alii
968 2612 1243 2662 commentatores.
1319 2652 1322 2657 .

79 2752 83 2757 -
146 2683 214 2766 Qui
231 2681 348 2764 figuras
365 2678 600 2763 clepsydrarum
625 2677 801 2760 desiderat,
825 2679 919 2744 adeat
938 2682 1101 2745 Peroltium
1116 2682 1158 2745 ssd
1182 2684 1243 2747 Vi·
1319 2714 1322 2747 :

143 2783 221 2830 truv.
235 2766 360 2827 Gallice
377 2785 576 2828 conversum.
599 2766 722 2831 Rnrrz.
1319 2768 1322 2795 ³

229 2866 309 2931 Ecd.
323 2873 346 2931 l.
362 2875 412 2935 12·
438 2869 499 2939 Καὶ
512 2863 588 2947 ὅσα)
610 2865 698 2930 lllud
714 2868 766 2932 ani
782 2866 945 2928 omittitur
956 2868 991 2930 in
1007 2868 1158 2932 omnibus
1174 2871 1242 2935 aliis
1320 2942 1322 2947 ¹

96 2994 99 3003 =
144 2953 325 3036 impressis3
354 2951 409 3013 sed
430 2967 535 3015 exstat
550 2951 582 3011 in
597 2952 627 3015 J.
644 2948 692 3014 ed.
710 2968 743 3014 et
757 2952 819 3014 Ox.
842 2968 898 3013 aut
913 2968 997 3016 certe
1014 2954 1053 3014 ab
1069 2976 1109 3016 eo
1124 2955 1243 3019 Codice
1319 2966 1323 3007 ἱ

144 3036 256 3099 abesse
269 3058 336 3098 non
354 3036 541 3112 observavi,
565 3058 636 3096 cum
651 3035 864 3097 minutissima
881 3057 1027 3120 quaeque
1047 3053 1157 3119 tamen
1172 3063 1243 3123 per·

143 3138 309 3188 scrutarer.
339 3120 466 3183 Sonsn.
510 3123 626 3181 Exstat
646 3123 698 3186 ani
718 3137 880 3204 praeterea
902 3121 936 3181 in
960 3121 1086 3186 duobus
1110 3126 1241 3205 Parias„

142 3215 205 3270 uec
217 3227 310 3285 sane,
332 3205 361 3266 si
378 3205 552 3266 Graecismi
571 3210 672 3289 legem
691 3207 860 3287 respicias,
881 3205 965 3270 bene
987 3208 1100 3273 abesse
1125 3223 1242 3293 potest.

144 3291 227 3353 Cum
240 3291 397 3375 singulari
416 3291 449 3352 vi
467 3295 614 3370 copulam
631 3312 699 3354 esse
714 3290 855 3351 additam
872 3306 981 3354 censet
996 3294 1032 3356 T.
1047 3292 1083 3354 F.
1096 3294 1244 3361 Βειιεᾶἰο-

141 3395 210 3440 tus:
227 3374 318 3461 pluro
331 3391 359 3436 et
374 3399 409 3437 ea
421 3377 581 3460 imprimis,
604 3399 679 3460 quae
686 3378 827 3458 graviora
840 3393 933 3439 erant.
955 3377 1077 3439 Luras.

228 3497 429 3579 Pug.161.l.
448 3502 479 3563 9.
514 3491 655 3577 Τάχισια)
682 3493 788 3555 Proba
809 3493 889 3558 haec
906 3496 1242 3583 lectio‚=quamquam

141 3581 178 3642 in
192 3583 229 3645 P.
246 3583 285 3646 L.
298 3595 331 3642 et
343 3580 469 3642 Iuntina
482 3579 574 3641 aliter
587 3593 654 3653 est,
677 3580 746 3643 scit
764 3587 868 3646 ταῦτα.
911 3582 964 3641 Ex
980 3580 1125 3666 Nigrino
1139 3596 1241 3645 autem

141 3666 265 3729 discere
278 3682 344 3745 est,
368 3666 552 3726 Lucianum
567 3665 709 3742 Romae,
731 3679 809 3748 post
828 3662 914 3727 illud
926 3666 1148 3755 cplloquium‚
1170 3668 1242 3730 foto

140 3751 345 3814 valedixisse.
368 3749 498 3814 sorar.

223 3836 303 3897 Εαιλ.
319 3839 339 3896 l.
358 3842 407 3903 14.
429 3829 552 3900 Λοιπὸν
566 3835 723 3919 veridico)
746 3832 833 3899 Care
845 3833 925 3897 hinc
938 3850 1091 3920 provecta
1108 3840 1175 3919 jam
1189 3856 1243 3899 ac-

139 3931 207 3980 tate
228 3921 329 3982 fuisse
350 3921 503 4005 colligas,
531 3940 604 3981 cum
625 3919 668 3981 ad
686 3922 789 3982 otium
812 3939 847 3983 ss
867 3920 1027 4002 contulit3
1056 3920 1139 3984 alibi
1157 3920 1241 3986 suin

140 4001 259 4066 diserte
274 4006 345 4067 XL.
363 4026 482 4065 annum
500 4017 603 4066 notat.
620 4006 659 4069 V.
682 4005 809 4067 Sonam
1141 4070 1147 4085 ι

226 4088 300 4173 Pag.
316 4095 466 4158 162.1.8.
496 4082 579 4156 Καθ’
601 4087 683 4173 ἡμᾶς
701 4087 838 4166 sescla)
873 4088 914 4150 10
927 4089 978 4153 .1..
998 4083 1099 4175 spes,
1128 4110 1239 4175 pass,

140 4173 205 4249 nisi
222 4173 348 4259 reliqua
365 4187 540 4238 mutentur.
583 4176 657 4264 Ego
678 4173 761 4240 illud
773 4168 888 4254 adroic
909 4174 1145 4241 climinfflm
1165 4195 1240 4239 cen·
