2678 4800
290 180 295 187 ,
329 130 371 181 tn
395 123 449 191 aa
472 123 650 176 mam
675 123 891 173 conuocare.
1082 107 1156 189 681

504 232 513 263 i

135 277 217 345 Ead.
231 282 257 339 l·
277 283 329 345 12.
347 272 402 352 'Ec
413 269 469 348 ada
479 267 678 351 λιθοτομίας)
700 266 737 329 ln
760 263 942 349 lapicidinas
953 268 1033 332 Dion
1051 272 1158 341 εἰαοαν,

47 366 212 429 Meminit
222 362 323 443 bajus
336 361 473 420 carceris
486 355 626 438 insignis
640 353 833 433 aDionyrio
846 355 1000 415 exstructi
1033 360 1071 419 ic.
1084 359 1157 423 Act.

47 459 81 518 7.
99 452 139 510 iu
154 450 249 509 Verr.
261 445 367 509 Plaut.
379 444 415 503 io
428 441 524 521 Capt.
539 455 570 501 et
586 439 657 500 Lia.
681 437 791 498 Coos.
840 437 899 511 Τὰς
913 445 1081 505 Διονυσίου
1102 448 1158 503 λα-

43 539 159 618 τομίας
172 531 256 591 dicit
270 529 383 591 Athen.
411 550 438 587 c.
454 535 484 594 8.
498 524 555 584 lib.
576 532 603 588 1.
620 523 689 584 Jun.
710 521 743 578 ln
764 519 862 603 Atlag.
881 524 973 581 Tum.
989 545 1015 581 c.
1039 533 1087 592 16.
1101 525 1157 591 lib,

47 629 101 687 22.
126 612 304 681 lautumias
324 617 393 671 vult
406 611 483 693 legi.
508 609 582 667 dico
596 607 682 669 alibi.
704 607 837 666 Boane.
885 607 1057 680 Historiam
1075 609 1160 669 Pbi.

23 758 28 767 .
45 704 164 765 loxeni
178 699 330 780 respicit,
355 693 396 755 de
410 715 470 778 qua
485 694 591 753 fusius
603 690 684 748 Λᾶν.
697 688 822 748 Indoct.
838 696 920 757 c.15.
934 690 1058 754 Sanan.
1084 695 1158 755 Phi.

46 787 166 851 loxeni
182 780 423 845 contubernalis
439 779 589 851 futurus,
613 774 788 833 versiculos
810 776 937 850 tyranni
960 775 1089 840 laudare
1104 801 1158 841 ra.

47 870 209 933 meantis.
234 868 355 928 Gaea..
384 863 592 947 Syracusanas
614 859 741 939 Dionysi
761 861 878 938 tyranni
896 857 1052 937 latomias,
1076 863 1159 924 Phi..

46 955 168 1018 loxeai
190 951 477 1033 padtaeexempla.
501 943 596 1005 Brod.
618 943 715 1002 Misc.
739 940 914 1013 tx,13.f.
937 944 1020 1004 Ecce
1035 968 1155 1026 rursus,
1266 1012 1277 1027 ἱ

50 1059 150 1122 quem
166 1041 282 1097 malam
296 1032 452 1093 Graecam
467 1030 638 1091 lectionem
657 1024 864 1103 expresserit:
889 1046 959 1084 nam
984 1027 1062 1091 haec
1078 1032 1157 1094 vitia

51 1117 347 1205 typothetica'n'oa
362 1135 427 1175 ease
443 1110 558 1182 credo,
584 1111 659 1192 quia
678 1125 710 1169 et
727 1108 803 1167 alibi
821 1107 975 1173 Δοοούοοο
996 1119 1075 1176 male
1098 1137 1157 1196 pm

54 1207 229 1272 Δοοοοοὶοο
249 1199 443 1284 legebatur,¹
471 1211 620 1273 utsupra
646 1197 707 1275 jam
733 1193 859 1252 monuit
881 1194 959 1254 Jenc.
991 1197 1055 1256 llic
1080 1220 1157 1265 vero

55 1291 186 1372 ubique
198 1307 271 1348 vera
288 1283 391 1346 lectio¹
402 1295 470 1342 erat
482 1300 638 1359 expressa.
684 1275 745 1340 Sed
761 1279 842 1336 alius
865 1291 912 1338 est
926 1279 1004 1340 Dion
1025 1285 1084 1343 sius
1100 1296 1159 1362 ty-

55 1394 197 1450 rannus,
227 1369 331 1445 alius,
355 1361 509 1439 Asiaticae
528 1363 682 1439 Bacchus,
708 1365 759 1423 vel
784 1360 878 1422 herus
902 1361 958 1423 ille
979 1363 1157 1441 boethius,

57 1459 96 1522 de
110 1479 178 1542 quo
191 1455 273 1531 dens«
292 1451 333 1513 ad
347 1452 414 1518 vit.
429 1453 521 1511 Auct.
541 1469 568 1508 o.
586 1455 614 1514 6.
638 1449 760 1508 Rarrz.

140 1540 223 1625 Peg.
241 1540 397 1629 276.1.8.
429 1539 562 1600 Μισθοῦ
582 1529 755 1611 ὑποτελεῖς)
784 1529 881 1594 conf.
903 1552 1000 1615 supra
1021 1541 1158 1618 cap.10.
1275 1568 1278 1574 ·

56 1630 188 1693 Sanan.
385 1628 392 1647 ““

141 1707 255 1773 Eadt.
269 1713 301 1774 9.
325 1700 555 1785 Κοσμούμοναι)
577 1702 641 1762 Ms.
659 1698 879 1785 κομμούμεναι,
903 1707 1002 1779 male;
1027 1726 1097 1766 naar
1112 1726 1160 1769 aa·

15 1806 19 1812 '
62 1795 174 1879 quitur
187 1791 241 1869 erig
254 1789 351 1873 κόμας
365 1786 628 1869 περιπλεκόμενοι·
651 1803 792 1871 essetque
810 1791 855 1862 δὶς
871 1785 903 1853 cd
918 1783 1000 1853 ariri.
1025 1791 1159 1856 lloano.

15 1883 23 1904 ⁸
63 1951 65 1954 ι
140 1876 224 1947 End.
239 1882 262 1937 l.
282 1885 331 1949 13.
352 1870 400 1939 ‘H
409 1871 506 1954 ἅβρα)
528 1869 665 1933 Ancilla.
689 1872 741 1932 Sic
756 1874 868 1932 Dromo
883 1889 913 1933 et
931 1874 1083 1935 Xanthias
1100 1897 1159 1957 pro

66 1961 384 2047 torvituattrpantur.
408 1960 514 2018 Euan.
562 1956 661 2039 Seruo.
687 1956 816 2040 Hasyclr.
832 1953 926 2039 ἅβρα,
950 1954 1062 2039 δούλη,
1086 1966 1161 2026 πα).-

63 2042 178 2143 λακή
203 2046 339 2122 Dictio,
372 2026 453 2126 qua'e
479 2061 574 2121 saepe
603 2043 831 2123 corrumpitur,
871 2057 907 2100 ut
940 2040 1040 2103 doceo
1071 2045 1159 2108 alibi.
1256 2116 1260 2121 Ι

95 2150 201 2193 auno.

63 2134 91 2195 B
133 2214 225 2298 3Pag.
238 2192 315 2282 272⁵
326 2215 347 2274 l.
365 2221 393 2280 8·
419 2206 669 2291 Παναθηναίων)
694 2209 781 2292 Quid
795 2213 916 2270 Romae
932 2187 1165 2285 Panatiinaea?

63 2288 192 2369 δοίη.
234 2298 314 2374 „Ad
340 2296 421 2356 banc
437 2295 705 2376 quaestionem,“
733 2296 840 2376 inquit
860 2294 1059 2376 Wielandins,
1080 2305 1163 2379 „vel
1219 2334 1225 2354 ‚

62 2388 133 2468 ipse
157 2384 332 2463 Lucienus,
366 2381 441 2465 quid
468 2378 674 2460 respondeat,
712 2379 914 2440 laboraverit.
928 2385 949 2417 ‘⁴
1004 2386 1162 2466 Minime,

64 2468 170 2534 arado.
193 2471 284 2529 rlmo
298 2489 336 2527 ne
352 2488 409 2548 ego
427 2465 552 2547 quidem
568 2485 755 2544 magnopere
771 2466 891 2527 laboro.
938 2468 1057 2528 Mirum
1073 2491 1160 2550 sane,

67 2554 122 2637 qui
135 2567 201 2612 tam
216 2551 417 2619 incredibilis
433 2548 602 2620 temeritas,
627 2563 689 2606 tarn
704 2569 774 2609 vere
789 2571 898 2609 caecus
916 2567 1037 2634 stupor,
1063 2555 1162 2634 scrip.
1191 2566 1200 2583 ⁸
1237 2560 1241 2571 '
1299 2557 1302 2564 '

66 2638 130 2701 toti
151 2652 265 2696 nostro
290 2657 307 2694 a
329 2650 390 2693 tam
408 2633 619 2700 familiaribus
636 2637 703 2712 ejus
721 2635 896 2693 cultoribus
912 2636 1030 2708 tribui,
1056 2638 1164 2699 credi.

70 2744 131 2806 que
147 2722 232 2784 serio
249 2719 409 2800 potuerit,
433 2717 511 2778 adeo
534 2718 582 2776 sui
603 2715 737 2776 oblitum
751 2718 918 2778 Lucienum
936 2720 1073 2782 Athenae
1091 2725 1165 2787 Ro.

68 2828 150 2872 ruam
162 2819 406 2883 transportasse.
452 2803 526 2862 Non
543 2803 651 2862 Attica
670 2802 886 2862 Panathenaea
906 2806 1061 2885 cogitavit
1083 2829 1165 2868 auc..

69 2904 139 2967 tor,
164 2888 220 2949 sed
237 2889 393 2959 Romano,
418 2886 437 2952 i.
455 2888 614 2948 alestam
633 2885 713 2944 illud
731 2888 964 2966 Romanorum,
989 2889 1073 2969 quod
1093 2913 1165 2952 cunr

71 2973 317 3035 Atheniensium
335 2971 564 3030 Panathenaicis
581 2972 715 3032 maxime
733 2973 928 3034 conveniret.
974 2975 1167 3037 Eranthaeo
1223 3011 1226 3019 ·

76 3058 291 3143 Quinquatria,
316 3056 347 3114 in
372 3054 716 3123 Minervaehonorcm
742 3059 907 3119 celebrata.
956 3058 1045 3141 Quae
1068 3081 1166 3142 quarn

73 3139 342 3203 baud·commorle
358 3140 479 3199 Latino
497 3161 554 3198 suo
576 3139 706 3200 nornine
727 3162 742 3198 a
761 3142 881 3202 Graeco
902 3144 1057 3221 scriptore
1075 3143 1168 3205 reddi

72 3226 274 3309 potuissent,
301 3226 454 3284 Graecum
471 3223 637 3282 substituit
658 3225 790 3286 callidus
813 3243 924 3286 auctor
940 3229 1167 3297 Athenaeorran.

70 3311 280 3374 Panathenaea
297 3324 402 3367 autem
418 3309 581 3370 nominare
597 3310 755 3389 placebat,
779 3325 815 3369 ut
831 3312 1086 3394 intelligerentur
1100 3336 1170 3376 mer.

72 3399 142 3478 jora
162 3394 394 3477 Quinquatria,
418 3414 473 3473 per
493 3394 636 3472 quinque
652 3396 824 3454 continuos
846 3396 913 3472 dies
935 3412 1001 3455 acta
1014 3441 1023 3468 ,
1047 3397 1174 3472 discet-2

72 3477 178 3545 neoda
191 3479 318 3562 quidem
333 3480 386 3536 illa
404 3499 420 3535 a
436 3477 629 3547 minoribus,
652 3477 747 3537 unius
761 3495 881 3540 tantum
898 3480 961 3542 diei
977 3482 1069 3542 festo.
1094 3484 1168 3553 Vid.

79 3562 165 3628 ovid.
183 3565 268 3623 Fari.
285 3563 355 3637 Ill,
378 3568 449 3628 809.
467 3582 513 3641 sq.
530 3562 571 3620 of.
591 3561 654 3639 Vl,
670 3569 739 3628 651.
754 3585 799 3644 sq.
845 3565 968 3647 Nempe
987 3568 1170 3651 majoribira,

78 3669 154 3732 quas
169 3647 263 3708 ferias
281 3659 448 3726 puerorum
468 3645 569 3704 fnisse
591 3642 742 3705 discimus
761 3669 800 3709 ex
816 3649 924 3713 Horat.
944 3651 1048 3730 Epist.
1066 3655 1174 3733 11‚2,

78 3738 151 3809 196.
174 3735 239 3817 aqi,
269 3731 433 3791 Minerval
454 3726 655 3807 accipiebant
685 3733 865 3810 juventutis
890 3731 1056 3807 doctores,
1085 3739 1190 3822 quod,

75 3817 154 3877 satis
179 3821 261 3877 clare
282 3829 370 3898 patet
394 3834 411 3874 e
433 3819 508 3873 loco
534 3811 634 3872 Ovidii
652 3815 758 3893 priore
779 3837 809 3875 v.
831 3823 949 3883 829.et
967 3840 1012 3900 sq,
1031 3842 1172 3884 necnon

78 3901 166 3967 farte
180 3899 265 3965 dona
282 3897 387 3965 doctis
406 3895 569 3963 nobilium
585 3896 694 3959 amicis
708 3895 877 3982 dabantur,
891 3904 977 3988 quad
993 3905 1048 3972 bic
1066 3916 1174 3968 noster

1175 3994 1190 4023 Ο
