2678 4800
205 405 279 480 ΜΒ
470 410 1036 465 snuorsrrouso

206 573 310 653 φεῖας·
332 566 422 628 illum
442 550 619 623 in'mddum
638 556 667 619 si
684 555 849 625 commode
863 554 976 635 scribi,
999 550 1207 645 eurrimam,
1231 578 1310 645 quae,

207 655 341 718 deficere
370 646 518 717 videtur,
545 664 657 707 vocem
690 642 822 726 adjungi
857 642 1032 720 concedes,
1062 646 1156 705 nulla
1177 647 1310 707 restabit

207 737 342 821 amplius
367 734 401 793 iu
423 730 529 792 verbis
549 728 673 810 alioqui
693 726 896 810 perobscuris
917 724 1103 788 difficultas.
1152 727 1310 793 Similiter

206 818 321 907 ἆφελὴς
347 832 380 878 et
400 810 540 895 ἀσφαλὴς
562 832 657 895 saepe
676 817 810 873 alterum
835 811 966 874 alterius
986 809 1258 895 sedeminmit,
1277 830 1309 879 ut

206 905 329 997 patebit
345 901 385 963 ed
398 899 561 962 Reviviso.
580 904 631 965 12.
654 898 789 961 Hauon.
804 906 817 937 s

292 1019 370 1084 End.
385 1022 408 1080 l.
425 1025 476 1085 11.
496 1008 644 1101 Ἐπανῄει
663 1011 777 1094 πάλιν)
797 1014 865 1077 Vix
884 1009 1017 1103 dulpito,
1042 1012 1129 1099 quin
1152 1013 1255 1078 litera
1271 1014 1307 1078 tit

208 1130 313 1184 erasa,
336 1105 553 1184 scriptumque
568 1099 667 1160 fuerit
683 1098 721 1159 ab
738 1113 867 1163 auctore
882 1094 1040 1187 ἐπανῄειν·
1072 1119 1134 1159 cur
1147 1099 1241 1162 enim
1252 1099 1305 1163 lroe

210 1196 249 1259 de
260 1186 526 1254 Mithrobarzane
545 1189 636 1256 solo,
659 1204 727 1243 non
740 1182 786 1245 de
799 1183 980 1267 Menippo,
1004 1184 1098 1265 eujus
1124 1183 1162 1244 in
1179 1186 1306 1270 gratian

211 1274 315 1343 omnis
328 1272 382 1333 hie
395 1284 564 1353 apparatus
587 1267 731 1351 magicus
745 1267 852 1329 fueret
871 1267 1062 1344 institutus,
1083 1266 1206 1349 potius
1225 1268 1306 1331 diea-

210 1379 281 1438 tnr,
298 1361 387 1418 nulla
404 1352 495 1416 reddi
508 1365 616 1435 potest
636 1371 728 1411 causa
744 1351 936 1433 probabilis:
959 1350 1147 1433 pertinebat
1171 1352 1260 1414 eninr
1272 1352 1305 1414 ad

210 1442 481 1513 saturationem,
504 1449 542 1497 ut
563 1457 634 1495 eum
646 1456 756 1518 magus
775 1437 900 1497 fascino
917 1432 1109 1517 depellendo
1127 1450 1180 1498 ter
1194 1438 1232 1498 in
1245 1436 1306 1499 Me·

210 1527 305 1613 nippi
330 1527 444 1586 faciem
469 1520 667 1604 exspuisset,
694 1520 764 1601 ipse
787 1519 922 1582 demisso
938 1523 1052 1591 vultu,
1071 1520 1243 1583 neminem
1258 1521 1305 1585 olr-

210 1614 299 1676 vium
316 1610 468 1684 intuens,
492 1605 621 1666 domum
644 1603 778 1669 rediret:
800 1626 877 1665 mox
898 1601 1013 1680 etiam,
1037 1602 1189 1690 ἐπανάγει
1205 1604 1305 1689 elam

212 1701 328 1771 statuo,
361 1690 403 1769 oie
425 1688 506 1774 εἶχαν
527 1684 757 1764 αἰααποδίζοντα.
807 1688 923 1750 Ortum
947 1687 987 1775 ab
1009 1688 1168 1770 imperito
1195 1695 1305 1753 leotott

197 1787 263 1846 *vel
277 1779 410 1841 librario
425 1776 558 1844 vitium,
573 1772 630 1856 qui
646 1772 686 1832 ad
698 1771 889 1857 praecedens
904 1768 1098 1850 oinomriooe,
1117 1774 1214 1856 quod
1226 1776 1304 1839 alteo·

198 1872 280 1929 'lute
292 1864 371 1945 poni
387 1881 445 1944 pro
460 1854 704 1934 ἀναπνεύσαντας,
727 1860 779 1918 vel
792 1853 895 1938 ἐπειδὴ
909 1853 1069 1934 doloroso,
1093 1878 1167 1919 non
1229 1878 1305 1943 raps-

212 1963 326 2020 xerat,
360 1945 525 2029 sequentis
551 1943 643 2004 verbi
670 1963 837 2023 personam
868 1939 1147 2006 accommodavitz
1185 1882 1304 2029 ddpul

210 2030 326 2097 menda
349 2031 531 2092 monuimus
560 2027 601 2089 sd
626 2027 696 2089 vol.
716 2027 760 2090 ll.
784 2048 856 2111 pag.
877 2026 974 2094 64.'l.
995 2033 1027 2093 4.
1055 2026 1193 2106 (Diali.
1211 2030 1300 2091 Deos.

210 2118 294 2192 XX,
317 2119 369 2194 5.)
397 2117 551 2177 Poterant
572 2126 679 2174 nutem
701 2112 782 2170 ritus
796 2112 879 2172 sacri
897 2109 1015 2194 magici
1034 2110 1303 2197 purgationesque

211 2199 407 2283 multiplices
438 2197 678 2279 comparatione
704 2196 860 2259 similium
880 2201 1025 2257 locorum
1048 2193 1229 2261 illustrari:
1256 2194 1304 2260 sed

234 2282 472 2385 uandoguidem
493 2282 527 2341 in
551 2281 635 2341 hane
655 2300 781 2340 oausam
803 2278 992 2341 descendere
1010 2298 1078 2339 non
1098 2294 1153 2341 est
1173 2300 1301 2345 comm·

213 2310 307 2448 dum,
332 2392 360 2431 ss
385 2368 457 2451 quis
482 2381 588 2430 tamen
611 2364 674 2424 iste
697 2362 870 2440 desideret,
898 2360 990 2427 adeat
1011 2360 1069 2425 Sil.
1096 2362 1206 2431 Italic.
1222 2364 1302 2431 XIII.

212 2460 286 2527 405.
304 2468 336 2514 et
358 2452 509 2514 adnotata
529 2448 670 2509 virorum
693 2447 889 2509 eruditorum
915 2446 956 2507 ad
977 2446 1098 2509 Arnob.
1115 2448 1147 2515 Ι.
1165 2472 1199 2533 p.
1210 2454 1261 2521 25.
1273 2450 1302 2509 in

212 2539 330 2626 quibus
348 2533 503 2617 Menippi
516 2531 676 2594 Lucianei
690 2533 811 2593 mentio
825 2553 891 2593 non
907 2545 955 2593 est
966 2530 1112 2593 omissa..
1144 2534 1303 2623 Singultus

212 2642 307 2699 vero,
331 2617 483 2703 quodque
506 2616 584 2677 alibi
605 2631 722 2677 temere
744 2638 809 2677 non
834 2616 997 2693 invenias,
1020 2615 1187 2701 Choaspin
1202 2640 1304 2705 aquen

213 2704 333 2769 eximie
347 2702 477 2786 megitia
491 2700 674 2785 praestigiis
691 2699 852 2762 adhiberi:
875 2699 909 2760 id
925 2715 1093 2782 propterea
1109 2702 1238 2765 factum
1250 2724 1305 2767 ort·

213 2789 249 2853 di
263 2810 320 2871 par
333 2802 401 2865 est,
422 2785 510 2869 quod
530 2784 774 2867 limpidissimae
795 2783 936 2846 levitatis
951 2784 1062 2867 liquor
1076 2784 1306 2851 dulcedinssi·

212 2878 281 2939 mul
295 2877 483 2947 excelleret3
509 2865 549 2932 ob
572 2890 649 2951 quas
673 2869 764 2930 dotes
782 2869 826 2929 its
843 2868 1007 2930 Persarum
1029 2868 1165 2955 regibus
1200 2868 1303 2947 licuit,

212 2973 251 3019 ut
267 2957 330 3019 alio
352 2958 419 3018 lere
435 2969 518 3037 potu
537 2975 701 3038 nunquam
720 2968 901 3016 uterentur:
923 2950 999 3016 vide
1012 2950 1152 3023 Brinno».
1169 2894 1213 3021 'de
1224 2956 1304 3025 ltl’.

210 3043 241 3105 1.
259 3065 291 3127 p.
306 3048 358 3111 69.
387 3041 526 3105 Hans-r.

297 3162 371 3244 Peg.
389 3168 439 3228 rs.
449 3164 471 3219 1.
481 3167 510 3226 a.
537 3155 577 3223 rt
590 3163 647 3224 we
660 3165 699 3223 x.
712 3153 817 3242 ὕδωρ)
842 3152 1305 3242 reassumendam

210 3243 246 3313 td
261 3241 344 3330 ὕδωρ
364 3240 537 3310 Χοάσπειαν
559 3240 714 3325 βασιλικὸν
736 3235 796 3323 ἦν·
818 3246 848 3322 ἐξ
868 3241 964 3309 αὐτοῦ
982 3242 1041 3327 ydp
1057 3242 1166 3325 ,μὸναυ
1181 3236 1306 3313 hosti

210 3339 272 3480 ἷιαῑν
306 3335 433 3414 Περσῶν
460 3323 611 3413 βασιλεύς.
653 3327 789 3393 Eustotls.
819 3327 859 3390 ad
887 3330 1014 3413 Dionys.
1047 3328 1123 3395 Per.
1154 3350 1189 3395 v.
1222 3333 1305 3399 1018.

244 3436 341 3478 onan.

295 3497 378 3563 End.
390 3500 411 3557 l.
426 3502 456 3564 4.
475 3489 651 3580 Ἐκάθηρε)
679 3499 735 3559 De
756 3495 820 3560 hoo
843 3496 909 3558 ritu
932 3493 1062 3560 Gesand-
1082 3496 1134 3561 ad.
1145 3496 1305 3585 Theopht.

174 3634 178 3647 .
212 3581 308 3646 Cher.
348 3590 531 3651 .302.'308.
560 3583 688 3644 Soter.
1334 3632 1338 3639 .

295 3667 375 3751 lid.
404 3660 563 3748 Ἀπέμαξε)
596 3663 765 3750 nepotem
791 3680 824 3729 et
847 3662 1057 3755 περικαθᾴραι
1079 3664 1306 3753 interpretatur

211 3751 339 3815 Cosano.
361 3750 400 3811 ad
426 3752 570 3834 Theoplr.
595 3753 701 3833 tangit
723 3766 755 3813 et
778 3750 820 3812 ad
843 3751 955 3814 Attea.
1009 3750 1165 3839 Legendi
1186 3754 1306 3835 Intntp.

208 3838 364 3919 Aristoph.
382 3835 510 3920 Hesyoh.
531 3835 615 3901 Suiael.
631 3835 767 3897 Eustotlt.
799 3837 934 3900 Bonan.
969 3852 973 3859 '

219 3940 229 3959 ¹
292 3935 372 3998 Euri.
395 3939 461 4004 1.5.
491 3939 623 4022 Σκίλλῃ)
653 3939 747 3998 Hanc
767 3935 965 4022 Pythagoras
995 3937 1031 3998 in
1052 3892 1308 4025 timins'jsauss

205 4041 393 4123 suspensam
407 4024 561 4118 malorum
576 4021 876 4125 medipamentorum
892 4020 1201 4169 introitnm'pellere
1213 4020 1308 4087 trudi·

202 4105 783 4275 terreret.‘trel
798 4105 841 4169 N·
951 4114 984 4181 ⁹·
1028 4106 1072 4173 l
1097 4109 1253 4203 lu·
1267 4104 1307 4175 ·“
