2678 4800
179 275 255 346 ωδ
449 282 1018 347 aanorarronaa

179 430 271 505 iuvari
285 438 425 500 ἕλκεσθαι
442 437 536 519 κλοιῷ
550 434 690 508 δεθέντα,
713 443 745 490 et
758 449 836 490 auro
850 429 946 492 etiam
964 435 1015 493 vel
1028 430 1143 515 ligari,
1167 438 1218 497 vel
1231 458 1276 505 or.

159 514 252 582 nari
275 521 370 580 solita
391 520 509 595 fuisse,
528 522 666 577 'testatur
689 512 758 596 ipse
774 514 929 577 Lucienus
950 515 1035 575 infre
1059 516 1279 581 adversus'iu·

185 608 331 668 doctum:
355 607 489 684 πίθηκος
504 600 560 685 prio
576 598 591 665 ὁ
606 605 756 680 πίθηκος,
781 595 799 679 ἡ
819 604 964 683 παροιμία
980 604 1074 682 φησὶ,
1099 599 1160 690 ιιᾷν
1175 603 1279 685 χρύσεα

184 695 235 778 ἔχρ
253 686 397 772 υίμβολα.
443 686 501 745 llis
517 686 650 766 positis,
674 707 732 766 pro
748 682 894 764 κουροίλια
912 693 1031 767 (quam
1046 710 1159 748 vocem
1173 690 1282 752 Mosel-

1320 310 1329 367 ι’

1323 372 1333 463 l

1316 468 1335 529 ι

186 776 274 841 luntre
292 775 519 853 interpretatur
541 769 670 847 cor-olio,
695 784 846 850 tanquam
869 772 895 830 si
916 767 1042 853 κοροίλια
1062 773 1217 854 scriptum
1234 797 1284 836 ea-
1338 809 1339 812 ¹

186 870 257 939 aet)
280 855 449 940 legendum
480 870 560 936 puto
591 850 759 935 κουράσια,
793 860 845 915 vel
871 851 1013 935 κοράσια,
1046 862 1098 919 vel
1123 859 1284 941 κωράλλια,

188 965 320 1028 quarum
337 962 452 1001 vocum
469 938 554 998 idem
570 956 618 1001 est
633 937 851 1023 significatus,
870 941 1019 1001 nimirum
1036 946 1144 1007 παιδία
1159 948 1212 1006 vel
1225 971 1287 1008 παι·

188 1029 295 1107 δίρια,
320 1040 351 1086 et
364 1023 496 1083 duarum
514 1023 659 1107 quidem,
685 1045 761 1106 quas
780 1025 881 1103 primo
898 1028 972 1084 loco
990 1026 1116 1105 posuit,
1143 1028 1287 1111 frequen·

189 1115 311 1174 tissima
331 1106 503 1170 occurrunt
526 1113 686 1188 exempla,
712 1107 858 1168 ultimam
882 1108 1033 1189 κωροίλλια
1049 1110 1219 1192 Hesychius
1233 1114 1289 1173 ha-

188 1197 245 1259 bet
265 1196 330 1257 sic:
370 1189 564 1273 Κωρᾶλλιον,
585 1192 765 1274 παιδάριον,
788 1190 909 1275 κόριον,
934 1208 966 1256 et
990 1199 1098 1274 paullo
1123 1213 1219 1277 post,
1239 1225 1291 1263 ea-

190 1283 350 1365 ροίλισιιον,
373 1274 541 1359 μειράκιον.
586 1277 639 1337 Sic
660 1293 764 1336 autern
788 1277 993 1360 intelligendi
1016 1280 1100 1340 ratio
1115 1298 1184 1357 eat,
1209 1281 1291 1366 quod

189 1358 330 1440 Ritnani
343 1362 462 1423 divites
477 1376 509 1422 et
521 1363 720 1422 luxuriantes
733 1383 850 1442 pueros
868 1361 1111 1441 pulchritudine
1126 1380 1159 1425 et
1178 1389 1292 1449 corpo·

190 1449 387 1513 rismollitie
407 1447 549 1528 insignes
572 1448 716 1505 trirnnlos
739 1451 790 1505 vel
808 1445 989 1532 quadrimus
1013 1469 1089 1507 auro
1112 1463 1146 1510 et
1165 1454 1293 1533 gemmis

193 1550 322 1597 ornatos
338 1531 498 1594 habebant
514 1532 548 1590 in
568 1530 710 1603 deliciis,
735 1535 837 1613 qualis
857 1547 922 1592 erat
939 1535 994 1611 ille
1011 1532 1295 1597 Philocornmodua

141 1680 146 1697 ,
192 1617 376 1702 imperatori
394 1615 571 1676 Commodo
595 1637 758 1697 percarus,
783 1616 822 1678 de
845 1637 908 1697 quo
933 1615 1126 1679 Herodianus
1147 1620 1182 1679 iu
1201 1621 1295 1681 Com·

192 1703 306 1766 modo:
338 1693 376 1784 ἦν
392 1703 422 1766 δὲ
439 1703 562 1765 παιδίον
579 1697 660 1766 πάνυ
684 1695 814 1780 νήπιον,
837 1699 950 1767 τούτων
972 1698 1008 1777 δι’]
1027 1708 1089 1779 τῶν
1111 1712 1238 1786 γυμνῶν
1250 1708 1297 1789 μὲν

194 1793 340 1870 ἐσθῆτος,
362 1792 465 1872 χρυσῷ
480 1785 512 1850 δὲ
532 1789 581 1850 καί
599 1790 699 1860 λίθοις
721 1790 897 1867 πολυτίμοις
916 1788 1166 1866 κεκοσμημένων,
1192 1788 1239 1867 oie
1253 1787 1298 1856 titi

194 1871 527 1960 poioovotv‘Porpot'rov
555 1875 586 1935 oi
604 1877 789 1952 τρυφῶντες.
832 1871 906 1932 Erat
931 1888 1028 1931 autem
1053 1874 1196 1954 puerulus
1219 1874 1300 1936 υυίιίι

196 1957 381 2040 simplexea*
398 1960 445 2030 iis,
469 1954 606 2038 quinarii
627 1960 687 2014 siae
701 1971 777 2015 vesle
793 1980 864 2016 αιιιό
880 1973 905 2015 et
928 1960 1047 2039 gerontis
1064 1965 1175 2032 ornati,
1201 1962 1300 2044 quibus

153 2108 155 2113 ,
198 2042 382 2106 delectantur
396 2039 529 2101 Romani
543 2041 631 2103 Zaoeui
648 2039 749 2100 ιίειίίιί.
795 2043 847 2100 De
864 2039 975 2099 iiadenr
992 2044 1138 2121 loquitur
1152 2046 1217 2105 Dio
1234 2044 1301 2107 Cos.

198 2132 259 2189 rius
274 2125 330 2191 lib.
344 2135 397 2194 48.
416 2129 538 2190 παιδίον
555 2151 582 2189 τι
603 2135 662 2190 τῶν
678 2122 827 2208 ψιθύρων
845 2122 893 2189 οἷα
914 2129 947 2188 αἱ
962 2136 1104 2207 γυναῖκες
1122 2127 1242 2210 γυμνοί,
1263 2126 1301 2206 οἷς

198 2210 309 2291 πλήθει
331 2205 488 2291 ιἰθυριίσαι
506 2212 660 2290 τρέφουσι.
707 2208 797 2290 Quae
812 2210 858 2271 sic
881 2211 977 2270 vertit
990 2212 1027 2270 X
1021 2209 1170 2296 flander.-
1189 2214 1299 2299 puellus

199 2295 339 2381 quitiam,
363 2293 463 2380 quoles
473 2293 650 2376 garrulitate
662 2296 805 2359 amabiles
823 2312 975 2358 matronae
990 2295 1084 2358 ιιυιίοι
1101 2296 1299 2363 delectationis

201 2405 308 2443 caussa
323 2379 401 2442 olere
414 2379 515 2443 solent.
559 2381 627 2442 Nec
643 2380 825 2462 objiciatur,
852 2382 958 2460 pueris
973 2402 1039 2440 non
1056 2386 1237 2446 convenite
1252 2406 1302 2445 ιο.

202 2487 269 2527 cern
287 2466 427 2530 ἕλκεσθαι
447 2480 477 2525 et
493 2471 585 2549 κλοιῷ
599 2466 741 2530 δεθέντα·
764 2488 829 2527 vox
849 2466 986 2529 ἕλκεσθαι
1009 2466 1130 2546 optime
1152 2470 1305 2531 convenit

201 2549 277 2610 voci
293 2554 433 2633 σφιγγία,
456 2571 521 2611 vox
538 2552 686 2632 φέρεσθαι
701 2573 776 2613 vero
801 2550 942 2631 apprime
959 2550 1113 2611 convenit
1128 2553 1204 2612 voci
1220 2554 1307 2637 κορᾰ.

203 2658 255 2701 στα
278 2649 310 2695 et
331 2634 420 2708 aliis,
453 2655 532 2716 quae
555 2639 694 2714 puellum
726 2633 920 2719 significant.
984 2633 1102 2696 Simiae
1125 2635 1306 2717 trahuntur,

203 2718 296 2803 pueri
311 2731 497 2800 portantur:
521 2717 621 2794 κλοιὸς
638 2719 747 2780 simiae
764 2721 875 2795 datur,
898 2732 935 2778 ut
950 2719 1110 2784 trahatur:
1161 2744 1252 2801 uero,
1273 2740 1307 2783 ut

206 2817 348 2865 ornetur.
392 2802 471 2863 Ideo
488 2805 521 2863 in
543 2819 649 2866 nostra
669 2807 934 2887 interpretatione
950 2808 1038 2864 nulla
1057 2818 1104 2865 est
1118 2744 1307 2868 absurditas.

204 2889 321 2956 Panna.
368 2887 459 2971 Quae
483 2892 645 2951 notaverit
665 2888 703 2948 ad
723 2891 802 2951 haec
827 2889 921 2951 verba
944 2887 1181 2949 eruditissimus
1197 2892 1227 2953 J.
1245 2893 1309 2956 Bo-

208 2972 327 3036 οίιαιιυι
347 2972 563 3055 descriptione
587 2973 684 3059 digna
707 2974 930 3054 judicavimus.
974 2973 1183 3037 verbotenus
1207 2976 1310 3062 itaque

208 3058 279 3140 ipse
296 3058 335 3120 de
358 3058 559 3119 Animalibus
584 3081 661 3121 sacr.
682 3061 789 3141 script.
808 3060 865 3120 lib.
883 3062 911 3126 5.
928 3080 954 3135 o.
973 3066 1003 3123 7.
1018 3059 1101 3118 Part.
1121 3058 1168 3121 Π,
1192 3082 1225 3141 p.
1241 3070 1310 3131 703.

210 3142 261 3206 ed.
277 3141 384 3204 Lond.
429 3143 554 3204 Locum
569 3144 656 3204 huno
673 3144 819 3226 quisquis
834 3158 954 3204 attente
970 3142 1102 3224 legerit,
1126 3145 1312 3211 mendosum

211 3249 279 3290 esse
298 3227 454 3317 fatebiruf
471 3229 505 3287 in
521 3251 602 3289 voce
626 3227 788 3311 κουράλια,
810 3250 882 3287 curn
901 3249 935 3288 ea
959 3250 1022 3286 vox
1039 3226 1078 3285 ad
1094 3250 1159 3289 rem
1183 3250 1251 3292 nou
1271 3234 1313 3293 fa·

212 3313 287 3377 aiat.
324 3313 364 3372 In
383 3311 529 3375 oratione
544 3314 605 3374 hac
620 3314 744 3375 aulicae
759 3312 1021 3391 vitaelmolestias'
1035 3310 1191 3395 graphice
1207 3316 1317 3401 depin.

214 3411 322 3472 xerat,
346 3412 376 3457 et
395 3418 487 3477 quam
507 3400 549 3458 sit
570 3398 739 3482 indignum
757 3397 853 3458 docto
878 3397 1009 3457 homine
1029 3410 1060 3456 et
1075 3395 1255 3462 liberaliter
1272 3403 1318 3462 io·

216 3482 344 3560 stilum,
369 3485 476 3543 tenuis
491 3483 600 3544 lucelli
620 3504 676 3565 spe
690 3484 842 3557 illectum,
867 3480 1068 3563 magnatibus
1085 3503 1219 3563 operam
1233 3496 1317 3546 suani

218 3564 376 3627 addicere.
420 3567 540 3628 Tamen
555 3566 638 3628 idem
652 3572 713 3650 jam
730 3569 838 3627 senior
858 3566 892 3625 in
911 3565 1054 3627 Caesaris
1073 3571 1177 3627 aulam
1195 3592 1230 3631 aa
1246 3594 1319 3632 con·

220 3655 345 3714 tulerat.
392 3649 489 3733 Quod
505 3651 552 3712 illi
570 3651 728 3734 objiciens
744 3650 882 3712 Sabinus
901 3648 1030 3734 quidam
1048 3649 1141 3732 petit,
1165 3656 1322 3737 quotMi.

222 3735 294 3812 tiae,
319 3750 397 3820 quot
413 3735 542 3812 Croesi,
569 3751 648 3818 quot
661 3738 785 3797 Pactoli
801 3735 850 3794 illi
873 3735 1104 3813 persuaserint,
1127 3750 1165 3805 ut
1179 3762 1249 3801 cata
1266 3742 1321 3799 illa

220 3820 386 3898 libertate,
410 3819 463 3879 oui
480 3843 496 3880 a
511 3822 619 3901 pueris
637 3839 828 3896 assueverat,
856 3818 1014 3896 abdicata,
1039 3841 1072 3879 se
1088 3820 1153 3880 buc
1166 3822 1245 3883 illuc
1262 3837 1322 3884 tra·

222 3903 362 3965 bendum
379 3925 416 3964 ao
430 3904 621 3986 raptandum
641 3904 822 3988 praeberet,
845 3900 986 3985 καθάπερ
1004 3919 1063 3969 ete.
1092 3904 1147 3967 Ao
1164 3912 1195 3967 si
1216 3906 1322 3971 collum

223 3992 383 4050 revinctum
397 3988 513 4051 baberet
527 4015 614 4051 aureo
661 3988 769 4050 ιιοιίαιιι
787 3988 909 4065 collari,
932 3988 1117 4071 qualia-sant
1130 3988 1322 4055 delicatorum

225 4070 359 4133 divitium
373 4074 497 4135 monilia
513 4093 539 4136 ct
552 4016 679 4137 caralita
693 4073 746 4158 (id
760 4091 812 4152 est,
835 4071 960 4135 monilia
976 4097 991 4133 τ
1007 4072 1135 4161 corallio
1146 4076 1269 4165 sueto)
1283 4080 1321 4137 ita
