2678 4800
374 409 846 468 sstsrscsnoanrr.
1078 398 1157 480 573

49 589 126 634 nem
143 568 257 656 genuit
271 564 416 644 asinina,
439 582 522 647 quae
535 559 570 624 in
585 558 749 627 veteribus
769 558 854 626 Edd.
865 563 1037 647 reperitur
1042 573 1056 644 3
1077 581 1154 635 tex.

48 672 106 720 tus
116 656 352 736 interpunctio.
396 649 528 714 Scilicet
540 662 617 731 post
632 645 707 712 ὅοον
722 668 844 708 comma
861 649 1003 729 positum
1025 668 1092 733 est,
1114 672 1155 720 ut

46 746 113 824 jam
133 737 278 814 πολλάκις
296 758 363 798 non
382 747 509 817 posset,
542 731 623 816 quio
650 729 750 799 vetito
782 729 886 816 ἤλεγξε
914 731 1153 820 adjungeretur,

44 825 167 886 Nihilo
184 837 339 905 praestat,
362 819 427 880 imo
442 818 539 880 etiam
563 817 707 897 ineptior
727 832 794 891 est,
816 839 853 877 ac
874 838 975 899 paene
994 820 1151 904 ridicula,

44 910 264 993 Pircklreymeri
276 903 522 986 interpretatio:
546 901 638 963 donec
652 902 754 985 Isospes
766 901 889 984 quidam
904 905 1000 984 ipsum
1014 929 1075 967 non
1093 907 1153 972 leo.

44 1019 130 1073 nem,
152 993 203 1055 secl
217 996 412 1053 asinum-esse
435 985 683 1069 deprehendisset,
705 986 800 1047 verbis
818 984 1030 1069 redarguisset,
1042 990 1152 1079 fessi..

44 1077 155 1164 busque
166 1082 333 1160 insequutus
343 1073 530 1134 uerberasset.
551 1071 671 1136 Latris.
790 1091 793 1095 ·

129 1194 206 1260 Euri.
219 1199 240 1258 l.
258 1201 309 1262 18.
328 1187 383 1253 Ἐν
398 1185 487 1270 Κύμῃ
500 1187 595 1264 dnos)
616 1188 706 1250 Haec
719 1209 760 1248 ex
774 1187 884 1249 fabula
895 1187 1012 1274 Aesopi
1023 1190 1150 1259 desum.
1282 1266 1287 1277 Ι

42 1276 86 1345 tax
98 1302 180 1352 esse,
205 1279 273 1359 ipse
290 1275 444 1337 Lucienus
457 1272 535 1332 alibi
547 1273 598 1350 (si
619 1273 752 1334 Lucicni
767 1272 895 1354 quidem
915 1274 1045 1338 libellus
1068 1279 1149 1360 ille)

42 1379 199 1440 testatur,
221 1363 256 1420 in
274 1356 386 1443 Fugit.
402 1379 431 1425 >c.
447 1365 497 1426 18.
525 1357 645 1418 Passim
667 1357 747 1417 alibi
768 1359 883 1441 tangit.
911 1357 1145 1452 Philops,0,5‚
1221 1385 1239 1450 ι’
1268 1344 1272 1349 ’

41 1465 76 1513 et
92 1447 240 1537 Pseqdol.
256 1466 282 1507 c.
300 1453 331 1512 3.
376 1441 438 1505 Sed
454 1441 489 1502 in
504 1440 671 1503 hodiernis
689 1442 804 1525 Aesopi
818 1461 900 1524 quae
921 1439 1078 1506 dicuntur·
1097 1449 1148 1511 fa.

39 1534 148 1609 bolis,
173 1533 345 1594 Cumarum
358 1531 447 1587 nulla
463 1528 597 1590 mentio.
629 1524 704 1586 vid.
724 1524 839 1590 delect.
853 1524 918 1591 tab.
935 1534 1007 1596 123.
1022 1547 1056 1590 et
1073 1539 1144 1602 157,

41 1634 76 1681 et
92 1619 216 1700 ipsum,
240 1615 298 1697 qui
315 1612 560 1690 circumfertur,
582 1611 735 1694 Aesopum
757 1608 823 1674 fab.
843 1618 915 1679 113.
959 1611 1074 1676 Utitur
1093 1632 1147 1679 at.

40 1704 106 1764 iam
121 1699 292 1783 proverbio
307 1696 384 1771 inde
400 1694 498 1758 ducto
514 1697 659 1775 Socrates
673 1694 760 1779 apud
775 1695 930 1759 Pictorum
945 1693 981 1756 in
998 1697 1145 1783 Cratylo,

39 1810 82 1850 ne
95 1786 288 1849 recentiores
303 1784 484 1853 memorem.
507 1783 635 1845 sosas.

124 1888 200 1971 Peg·
226 1888 342 1953 1641.
365 1891 395 1951 2.
427 1885 471 1948 Ei
485 1908 554 1948 τινα
576 1884 706 1957 τοῦτον)
736 1880 844 1969 Lege:
881 1885 995 1952 cirrus
1020 1882 1145 1958 τούτων.

39 1977 151 2038 Baon.
195 1970 292 2055 Angl.
314 1964 446 2045 τούτων,
476 1969 601 2031 melius.
623 1967 758 2030 Bounn.
803 1968 1144 2056 CorrigitBrodaem,

39 2063 71 2125 εἴ
89 2081 157 2122 τινα
174 2051 300 2120 τούτου.
344 2052 468 2114 Melius
490 2055 520 2118 et
539 2078 606 2117 τινα
623 2056 772 2118 τοιοῦτον.
802 2053 960 2121 Mancre.
983 2060 988 2071 ‘
1018 2055 1145 2127 mm

38 2141 216 2219 Brodoms3
238 2152 269 2200 et
286 2138 418 2199 omnino
434 2136 479 2196 ita
506 2137 538 2210 in
555 2137 589 2196 P.
609 2137 782 2216 legebatur.
826 2137 895 2199 Alii
910 2141 1029 2205 rectius
1044 2153 1143 2212 sowa.

38 2252 96 2291 τον
113 2223 311 2308 conjiciunt,
336 2234 372 2281 ut
389 2236 516 2306 praeter
536 2219 715 2284 Marcilium
737 2221 893 2303 Vorstim3
923 2225 1013 2309 quod
1029 2242 1063 2296 ὃς
1085 2233 1143 2293 70,

37 2310 140 2374 luisse
157 2307 251 2372 credo
266 2305 406 2368 editores
419 2304 450 2368 J.
469 2305 546 2389 quis
561 2304 709 2367 scribunt
722 2315 840 2373 τοῦτον.
863 2308 990 2377 Sccsrr.

61 2462 71 2474 r
122 2427 200 2492 uad.
223 2432 244 2489 1.
264 2430 295 2498 6.
313 2423 416 2490 “Occu
434 2422 528 2492 airis
544 2423 704 2508 ἐπώνυμον
724 2429 837 2503 ἐκεῖνος
859 2429 1008 2510 ἐποιεῖτο,
1028 2400 1143 2500 asseri

35 2510 233 2597 τοῦςλόγοος
250 2513 404 2587 ἐποιεῖτο)
432 2511 504 2573 Viri
525 2511 614 2575 docti
635 2513 671 2573 in
692 2511 743 2594 his
766 2512 810 2573 ita
833 2531 1018 2595 versantur,
1051 2539 1090 2580 ac
1110 2520 1141 2582 si

35 2599 176 2661 Lucieno
191 2618 258 2658 non
271 2595 509 2680 suppeditasset
523 2597 618 2680 copia
638 2595 841 2680 exprimendi
857 2619 902 2679 οο.
947 2600 1084 2682 Scripsit
1096 2603 1140 2667 si·

35 2705 79 2745 ne
95 2682 194 2753 dubio
212 2673 328 2756 οὗτούς
340 2678 449 2766 λόγους
470 2683 619 2749 ἐπονεῖτο.
657 2682 698 2743 In
721 2682 885 2766 Apologia
906 2704 969 2766 pru⁴
983 2676 1154 2769 Mercede(

35 2764 208 2828 conductis
228 2767 280 2829 ait
298 2763 409 2850 λόγους
431 2760 549 2843 iussin,
578 2790 607 2843 ο.
628 2774 678 2834 15.
701 2765 811 2831 (ΞΗΟΠ.
856 2758 1056 2853 Sufflatus,
1076 2770 1142 2847 ,ubi

33 2856 137 2934 vulgo
156 2848 290 2932 legitur,
319 2847 377 2914 oris
397 2855 493 2927 treis,
528 2849 611 2928 ὅστις
632 2844 668 2916 οὗ
690 2855 878 2933 φιλοσοφίαν
900 2848 998 2939 sitin
1017 2853 1139 2944 ᾐτιᾶτο,

34 2937 91 3000 nui
110 2931 165 2999 riv
197 2928 379 3016 Χρύσιππον
401 2971 442 2984 --
462 2932 485 3016 ἦ
504 2932 577 3002 ὅπου
600 2929 691 3001 αὐτὸν
710 2932 870 3018 ἐπώνυμον
892 2934 1140 3027 discurrentium!

34 3025 150 3094 ἐκεῖνος
167 3020 314 3093 ἐποιεῖτο,
343 3017 377 3078 in
398 3019 696 3104 suolibrolegit,
712 3016 734 3099 ἢ
753 3017 863 3099 τούτου
879 3018 944 3103 riu⁴
957 3023 1138 3109 ἐπώνυμον,

34 3105 201 3187 refertque
216 3101 256 3163 ad
270 3104 431 3185 Diogenem
444 3102 594 3190 Cynicum.
615 3177 620 3185 ,
638 3100 700 3166 Sed
717 3102 804 3165 haud
819 3104 917 3166 dubie
932 3096 1140 3194 vril'gatslec·

36 3190 85 3252 tio
101 3187 344 3259 estverissima,
368 3189 402 3248 in
420 3209 483 3270 qus
501 3187 534 3249 id
548 3191 764 3250 suctorvult:
789 3188 875 3272 quod
896 3191 977 3253 mihi
999 3196 1139 3261 maxime
1161 3227 1164 3231 ·

37 3272 211 3356 indignum
225 3271 408 3351 videbatur,
430 3272 607 3347 illuderet,
632 3271 729 3355 quod,
747 3270 803 3333 ubi
821 3272 1139 3363 pseudophilosophi

34 3357 273 3419 committerent
290 3358 393 3436 turpis
418 3356 497 3439 quid
520 3379 557 3419 ac
577 3355 750 3442 flagitiosi,
774 3359 933 3420 continuo
952 3350 1140 3427 accusarent

33 3442 182 3504 homines
204 3442 307 3521 ipsam
327 3441 569 3525 Philosophiam,
592 3458 624 3513 et
647 3441 857 3527 Chrysippum,
885 3447 937 3507 vel
960 3442 1137 3528 Platonem,
1225 3457 1230 3469 “

34 3532 87 3590 vel
101 3526 311 3611 Pythagoran,
334 3533 385 3588 vel
402 3549 491 3604 eum,
516 3550 532 3588 a
549 3532 768 3609 cujuscunque
785 3527 918 3605 nomine
935 3550 968 3589 se
981 3529 1054 3607 ille.
1101 3532 1138 3595 ui

34 3610 202 3693 quidpiam
217 3611 442 3691 commisisset,
466 3618 649 3694 appellaret.
694 3611 770 3672 Non
786 3614 893 3687 ἓνικοῖς
911 3553 1138 3701 Diogenes&

33 3699 137 3774 nicus,
160 3693 214 3757 sed
230 3695 386 3776 quilibet,
411 3700 503 3780 cujus
519 3712 603 3762 certa
618 3709 703 3758 secta
717 3710 800 3775 erat,
823 3690 1138 3797 intelligitur.,1?er·
1193 3712 1199 3733 ¹
1254 3723 1262 3735 ’

34 3782 180 3860 spicnum
202 3795 307 3841 tamen
330 3794 396 3857 est,
421 3781 454 3838 in
477 3783 618 3864 vulgatis
641 3774 752 3857 siaiu,
775 3802 841 3841 non
865 3780 974 3861 ccciv,
998 3782 1137 3851 scribes.

34 3862 238 3929 dumhere.
282 3861 387 3929 Aricia
405 3869 504 3946 vulgo
522 3864 702 3946 legebatur,
726 3863 781 3925 sed
805 3880 890 3926 recte
914 3862 1042 3951 Guyeras
1069 3891 1137 3933 cor.

33 3947 138 4022 rexit,
160 3964 191 4010 et
208 3945 303 4016 cirin
318 3948 478 4030 adspirate
496 3949 644 4030 scripsit,
669 3947 720 4007 cui
736 3948 917 4028 paruimus,
941 3950 1089 4033 idemque
1103 3964 1137 4016 et

34 4032 112 4093 alibi
126 4034 335 4096 restituimus.
381 4034 505 4096 Millies
521 4034 554 4092 in
574 4032 692 4115 spiritu
713 4030 776 4091 hoc
799 4051 957 4113 peccatur·
969 4034 1004 4097 in
1021 4032 1135 4102 'Edita

31 4118 82 4178 Ne
97 4119 209 4199 itaque
223 4121 305 4181 mihi
317 4119 516 4201 objiciantur
531 4121 694 4198 exempla,
719 4117 775 4176 ubi
787 4113 883 4182 circi
894 4142 953 4201 pro
967 4116 1066 4187 uisci
1078 4142 1137 4204 po-

32 4203 129 4266 situm
141 4207 278 4289 legatur.
324 4205 406 4269 Cum
420 4202 507 4268 enim
520 4202 555 4265 in
570 4200 748 4266 Codicibus
763 4205 875 4287 paullo
889 4205 1136 4293 antiquioribus
