2678 4800
192 400 267 470 676
460 402 1024 465 aurorarrouss

189 558 499 632 Tintinnabulorum
515 568 617 616 sutem
635 553 792 610 minorum
803 573 896 609 usum
912 552 1103 613 satis'fuisse
1115 550 1290 635 antiquum,

191 653 258 715 vid.
279 645 404 712 Cosaud.
423 641 461 701 ad
480 640 557 700 Suet.
573 641 653 717 sug.
669 659 695 697 c.
710 644 761 702 91.
793 639 840 694 Ac
856 636 1117 696 tintinnabulum
1136 638 1170 695 in
1191 636 1290 697 balnei

193 737 327 818 fastigio
345 729 503 812 positum,
528 722 567 781 ad
590 721 793 780 indicandam
818 719 927 779 horam
951 721 1099 798 levandi,
1125 720 1196 783 vid.
1211 720 1291 781 Bac-

194 827 273 885 cr'um
299 817 337 877 de
359 810 488 871 thermis
512 822 589 866 vett.
607 805 705 866 Thes.
724 804 828 864 Groeu.
845 808 881 863 T.
898 805 973 865 ΧΠ.
991 828 1023 887 p.
1039 812 1115 873 324.
1163 803 1252 887 Quin
1266 820 1291 866 et

197 898 415 966 tintinnabula
444 893 590 971 sepulcro
615 891 697 970 regis
723 891 881 949 Porsenae
902 890 1126 968 imminuisse,
1161 912 1204 952 ex
1223 889 1289 952 Plu.

197 990 286 1052 Eiet.
304 983 385 1057 VH,
402 982 454 1045 55.
472 981 534 1056 jam
549 975 661 1033 retulit
677 974 802 1051 Magius
818 995 886 1052 cop.
902 982 930 1038 2.
964 975 1089 1035 Rrrra.

283 1070 358 1147 fag,
373 1071 445 1131 271.
461 1065 483 1120 l.
493 1067 522 1124 7.
545 1056 647 1121 Ὅσον
661 1050 803 1131 odde'rroi)
825 1057 875 1115 Ad
890 1057 1021 1118 verbum
1033 1072 1081 1119 eet
1093 1074 1213 1119 tantum
1224 1083 1291 1120 ιιοιι-

202 1159 289 1229 dum,
313 1154 333 1215 i,
348 1172 375 1213 e.
396 1141 622 1230 propemodum,
642 1146 707 1222 jam
727 1146 802 1223 jam.
846 1143 898 1201 Sic
922 1158 1030 1202 noster
1047 1144 1121 1202 Ver.
1136 1142 1215 1203 hist.
1231 1146 1256 1203 I.
1270 1164 1291 1202 e.

202 1252 234 1312 8.
248 1240 272 1298 f.
298 1233 372 1300 όσον
389 1230 506 1297 ου’ὁέιιω
526 1222 776 1309 καρποφορήσειν
792 1227 931 1308 ἔμελλον.
949 1231 1014 1308 jam
1032 1231 1100 1306 jam
1118 1226 1241 1312 fructus
1250 1226 1293 1287 lc-

201 1327 260 1388 tus-i
282 1336 375 1381 erant.
418 1317 512 1374 Plura
536 1333 578 1372 ex
600 1309 736 1394 Thucyd.
759 1325 792 1371 et
813 1309 979 1372 Herodian.
1008 1309 1111 1393 Steph.
1132 1332 1165 1373 v·
1191 1310 1293 1389 Πόσος,

203 1432 235 1497 p,
251 1412 324 1473 497,
345 1405 468 1461 Rura,

283 1486 364 1551 'End
378 1493 397 1551 l.
413 1493 441 1551 9.
465 1480 603 1553 ’Ὗιντος
617 1481 648 1543 δὲ
662 1476 823 1553 πολλάκις)
845 1477 922 1553 Διὸς
934 1479 1137 1544 subauditur.
1159 1482 1270 1543 Bnou.

215 1618 220 1625 -
287 1571 366 1634 Eud.
387 1576 408 1630 l.
426 1577 475 1634 11.
502 1569 562 1630 Kal
581 1562 614 1627 sd
640 1566 764 1648 ζεῦγος)
787 1565 969 1626 Delendum
990 1563 1071 1624 illud
1092 1567 1165 1643 καὶ,
1190 1567 1244 1627 sed
1262 1586 1294 1626 ue

205 1656 396 1742 sicquidem
415 1655 491 1712 satis
508 1670 604 1710 sanus
625 1653 716 1708 locus
737 1647 873 1711 videtur.
903 1650 1030 1711 Sonare.
1073 1651 1210 1709 Frustra
1226 1651 1296 1711 soli-

207 1747 311 1806 citant
324 1739 488 1798 innoxiam
503 1728 691 1816 particulam
708 1736 768 1796 sol.
791 1734 905 1814 Neque
920 1736 1009 1798 enirn,
1020 1732 1169 1810 delenda,
1195 1754 1296 1815 neque,

207 1828 242 1890 id
258 1824 343 1909 quod
363 1824 505 1903 Seogerns
526 1822 614 1888 vult,
637 1816 789 1875 mutanda
808 1819 842 1876 in
861 1815 951 1896 κατὰ,
976 1819 1039 1889 ite,
1061 1832 1100 1877 ut
1112 1816 1194 1881 auid
1208 1823 1298 1901 ζεῦγος

208 1915 251 1974 ait
267 1907 348 1992 opred
361 1904 539 1979 vehiculum
563 1901 741 1961 Geuuiuam
764 1903 942 1984 intelliges,
964 1904 992 1961 si
1009 1903 1174 1981 tenueris,
1199 1902 1295 1963 referri

209 2018 277 2059 eam
292 1992 332 2053 ed
347 2011 480 2074 sequens
497 1985 581 2061 οὐδὲ,
605 1985 865 2069 quemadmodum
884 1987 1022 2048 Ges-uerus
1035 1988 1070 2046 in
1087 1988 1240 2049 versione
1253 2008 1296 2047 ex·

208 2079 345 2161 pressit:
376 2091 426 2150 „ct
449 2078 589 2161 jumenta
613 2086 777 2149 exspectas
798 2106 841 2147 ,-
861 2089 887 2131 et
912 2098 946 2131 ne
962 2071 1178 2154 virgultorum
1192 2072 1294 2155 quidem

1321 348 1332 453 l

212 2164 289 2226 satis
306 2159 548 2221 substerurrnt.“
593 2153 748 2217 Similiter
765 2155 838 2216 vice
862 2178 946 2215 versa
971 2150 1040 2220 οόιε
1056 2158 1156 2219 eterni
1176 2158 1258 2216 inter
1270 2176 1295 2213 se
1332 2178 1335 2183 ·

210 2248 394 2310 referuntur
417 2244 517 2300 Dinll.
539 2241 637 2299 Matr.
663 2239 751 2314 XIV,
780 2251 808 2304 1.
833 2236 925 2303 οὔτε
944 2237 1002 2319 τὴν
1026 2233 1294 2321 παῑόαῑῆδιχηωγ,

211 2334 275 2398 καὶ
297 2326 369 2393 αὐτὸ
383 2324 441 2407 ἤδη
461 2326 596 2403 clevans.
642 2321 738 2403 Quod
761 2339 865 2385 autern
879 2324 1090 2404 Participium
1105 2320 1296 2407 decentiam

213 2437 280 2477 nou
296 2413 493 2476 strictissime
507 2409 602 2469 verbo
621 2405 712 2466 finito
728 2411 893 2488 περιμένεις
904 2407 1091 2489 respondet,
1115 2432 1206 2469 nunc
1220 2422 1295 2471 tauto

191 2540 194 2545 -
213 2501 318 2562 minus
333 2495 489 2569 offendet,
513 2508 634 2573 quanto
653 2492 768 2551 certius
784 2494 845 2552 tibi
861 2515 955 2572 supra
974 2515 999 2553 ο.
1015 2500 1067 2560 29.
1083 2508 1170 2557 extr.
1186 2494 1225 2558 de
1237 2512 1296 2575 pro·

214 2584 316 2645 bitate
332 2579 498 2658 Participii
514 2581 667 2651 διαπείρας
684 2579 883 2657 persuaseris.
905 2580 1022 2638 Lause.

299 2664 376 2724 End.
391 2668 412 2721 l.
434 2672 482 2727 12.
511 2668 557 2747 Τῷ
572 2667 626 2738 τῆς
639 2664 666 2723 d.
685 2661 846 2746 κομμωτῇ)
869 2664 993 2722 Horum
1010 2662 1058 2723 vis
1069 2674 1173 2724 artem
1188 2658 1294 2725 nostel

218 2748 361 2814 Galerium
372 2746 458 2822 audi,
469 2742 656 2848 Λιυιιόιερον
672 2742 817 2849 τόὶχρώμα
832 2756 887 2811 τοῦ
899 2742 1062 2829 caeruleos
1076 2758 1178 2813 ποιεῖν
1190 2750 1295 2829 ἔκφορ·

216 2834 336 2920 μόνον,
358 2828 378 2911 ἢ
399 2827 613 2912 ἐρυθρότερον,
636 2827 657 2908 α’
676 2856 730 2904 τας
744 2836 845 2912 τρίχας
861 2839 995 2912 κεφαλῆς
1009 2828 1102 2907 οὔλας
1119 2829 1141 2912 ἢ
1156 2824 1295 2914 eodberti

216 2922 369 3001 μέλαινας·
390 2913 411 2996 ἢ
424 2913 561 2993 καθάπερ
576 2919 608 2977 αἱ
621 2925 761 2997 γυναῖκες
775 2920 822 2981 ἐπὶ
836 2914 980 2997 μήκιστον
996 2914 1221 2998 αὐξανομένας,
1240 2922 1295 2981 τοῦ·
1334 2918 1337 2977 i

217 3031 253 3069 τα
268 3006 322 3067 ιιοιὶΙ
339 2999 375 3064 τό
394 3007 516 3064 τοιαῦτα
535 3008 589 3077 τῆς
603 3008 791 3080 supprimatis
812 2996 918 3074 κακῖας
936 3003 1031 3078 ἐστὶν,
1054 2998 1092 3066 ed
1108 3007 1165 3081 τῆς
1179 3004 1296 3083 ἰατρικῆς
1335 3014 1337 3059 ἶ

212 3093 317 3170 τέχνης
337 3089 415 3169 ἔργα.
458 3086 547 3146 Haec
569 3086 641 3157 ille,
667 3099 746 3145 teste
769 3085 959 3147 Constantino
979 3088 1018 3147 L.
1040 3086 1068 3145 I.
1095 3082 1173 3150 κατὰ
1191 3085 1295 3159 τόπους·

215 3172 279 3238 sed
300 3171 387 3232 ⁸⁰bit
401 3170 454 3228 ¹¹5⁰
476 3168 600 3243 mirari,
626 3168 712 3247 quod
733 3170 818 3250 apud
836 3172 977 3232 Nostrum
993 3170 1151 3245 feminae,
1175 3194 1240 3231 nou
1255 3172 1296 3231 le·
1335 3190 1337 3199 ·

214 3258 369 3318 minarum
385 3254 424 3314 ad
439 3275 506 3312 eam
521 3274 594 3326 reru,
616 3251 671 3311 sed
688 3255 827 3314 virorum
846 3276 940 3334 opera
956 3259 1017 3335 jam
1036 3268 1105 3313 tum
1121 3258 1294 3317 utebantur:

213 3341 301 3423 quod
317 3353 484 3418 antequam
508 3338 561 3395 hic
580 3335 646 3396 loci
666 3337 974 3415 animadvertissem,
998 3338 1133 3398 Gallicis
1156 3340 1232 3401 solis
1246 3358 1296 3398 uo-

213 3426 287 3484 stris
311 3422 474 3481 nobilibus
496 3419 642 3497 feminis,
680 3439 754 3498 post
779 3422 960 3483 Christinae
980 3422 1156 3483 Succorum
1181 3424 1294 3505 reginae

213 3508 297 3587 apud
313 3529 364 3567 eus
383 3505 552 3565 adventum
562 3553 570 3579 ‚
572 3506 694 3575 ,seculi
712 3506 812 3566 nostri
827 3526 948 3566 surmno
965 3507 1102 3587 probro,
1124 3508 1294 3567 factitatum

211 3592 379 3673 putabam,
403 3605 439 3647 ut
456 3591 532 3648 viris
548 3594 627 3668 jam,
652 3610 718 3647 nou
732 3590 962 3666 ornatricibus,
987 3606 1022 3649 ut
1038 3596 1152 3651 saltem
1168 3612 1204 3653 ea
1218 3606 1293 3674 perte

209 3676 387 3737 modestiae
401 3678 620 3746 consulerent,
644 3687 819 3735 uterentur.
851 3676 978 3737 socia.

294 3758 372 3820 End.
387 3763 408 3819 l.
426 3765 473 3824 14.
498 3751 707 3835 Θεσμόπολις)
729 3759 767 3815 In
784 3758 878 3832 vivis,
902 3781 972 3817 curn
987 3758 1065 3820 haec
1081 3760 1289 3833 scriberentur,

209 3864 276 3906 etse
293 3844 438 3904 desierat.
484 3840 629 3900 Eundem
650 3842 794 3901 nominat
809 3843 840 3899 in
852 3844 946 3902 Gallo
962 3864 989 3912 c,
1006 3852 1054 3910 10.
1066 3848 1101 3905 'et
1115 3845 1148 3903 ln
1160 3847 1289 3905 Hermet.

209 3949 236 3992 ο.
250 3935 280 3995 9.
295 3944 325 3988 et
342 3947 429 4007 seqq.
450 3924 599 4008 graphice
618 3923 774 4007 depingit.
799 3925 882 3985 Vide
898 3944 989 3987 notas
1005 3927 1045 3987 ad
1060 3950 1086 3992 c.
1107 3936 1156 3996 ll.
1178 3931 1289 3992 Sesars.

210 4097 230 4158 s
293 4012 369 4090 Peg.
384 4019 456 4077 272.
473 4016 495 4073 l.
516 4020 542 4076 1.
573 4002 781 4084 Ἀνὲιιιισιονὶ
804 4009 902 4074 Couf.
922 4012 1007 4072 infra
1024 4013 1149 4097 Peregr.
1167 4034 1195 4076 c.
1210 4006 1289 4087 2622

235 4117 339 4157 osan.

290 4175 367 4242 End.
381 4180 401 4244 l.
417 4186 448 4248 4·
471 4178 614 4263 Δεῆσον)
628 4137 712 4245 ¹Grutt
728 4192 880 4263 oporteret.
911 4180 1022 4248 Broc.
