2678 4800
202 355 278 429 ΠΒ
471 358 1047 431 annonarronna

204 541 344 603 temper,
366 511 487 576 ubibic
504 526 553 572 ter
568 508 652 570 idem
670 507 792 569 dictum
808 509 959 584 invenio,
981 530 1092 573 eornm
1107 513 1305 580 mentionem

205 608 404 680 omitterem3
436 611 556 660 namet
574 609 683 677 patere
706 609 852 676 oportet,
877 594 963 656 unde
979 598 1177 662 recentiores
1193 604 1306 685 profc-

204 691 318 752 ceriut.
348 688 472 745 Rnrrz.
782 704 789 723 .-

290 802 367 868 Εαᾱ,
382 809 404 867 ι,
419 811 449 869 4,
472 799 615 885 Πρῶτος)
635 797 712 859 Nun
726 800 850 882 primus,
874 824 944 862 cum
959 816 1122 867 antaeum
1139 802 1231 885 apud
1239 800 1304 867 Iso.

203 919 313 963 mrum
334 893 437 969 ipsum
458 890 635 969 legeretur3
658 884 744 963 quod
762 886 830 962 ipae
852 886 1007 949 Lucienus
1027 892 1136 969 paullo
1156 904 1234 950 ante
1247 889 1304 965 ob7

202 976 353 1047 peccavit,
378 970 467 1053 Quid
484 991 559 1051 ergo
574 970 636 1028 sibi
653 972 715 1049 jam
732 968 824 1028 vult?
848 970 1145 1033 AnMaratlroniam
1163 994 1298 1057 pugnarn

204 1078 279 1126 ante
295 1058 459 1139 Homerum
475 1055 574 1115 fuisse
598 1050 734 1113 credidit
748 1052 928 1119 Lucienus?
955 1056 1047 1117 Bona
1062 1057 1168 1123 verba.
1217 1056 1299 1141 Quid

205 1144 306 1231 ergo?
337 1136 466 1201 Dicam.
512 1135 666 1219 Quamvis
686 1158 750 1195 non
773 1139 850 1197 carie
875 1155 1000 1219 aperte,
1025 1162 1062 1201 co
1079 1145 1144 1223 jam
1161 1138 1220 1202 diu
1237 1164 1300 1203 ora·

201 1230 304 1291 tionis
324 1226 420 1287 series
441 1220 568 1295 tendit,
593 1236 628 1279 ut
643 1220 804 1301 quomodo
821 1223 957 1283 formula
973 1222 1068 1303 haec,
1092 1245 1177 1310 quae
1201 1226 1298 1308 primo

200 1314 325 1399 legibus
343 1307 434 1392 quasi
452 1310 555 1366 soluta
577 1305 665 1365 omni
679 1306 815 1387 tempori
841 1320 914 1386 apta
932 1306 1136 1388 censebatur,
1160 1310 1300 1393 coeperit

202 1393 443 1478 co'mpellationi
461 1406 493 1453 et
506 1389 712 1471 epistolarum
729 1388 871 1449 exordiis
885 1391 1015 1474 propria
1030 1390 1117 1471 fieri,
1141 1392 1298 1457 oatcndat.

203 1484 303 1563 Cujus
326 1479 371 1540 rei
394 1477 526 1536 initium
552 1471 785 1553 aI'hidippide
806 1468 840 1533 in
858 1496 1021 1549 sermone,
1044 1491 1075 1537 ct
1096 1476 1298 1540 aCleonein

202 1566 349 1649 epistolio
365 1562 515 1641 assignat.
550 1555 697 1617 Pluribus
715 1555 793 1617 haec
808 1559 968 1640 explicare
985 1566 1113 1622 coactu'a
1129 1556 1214 1637 aum,
1229 1562 1298 1641 quia

201 1674 219 1713 a
242 1649 415 1710 'clarissimo
430 1642 581 1726 Euripidis
595 1640 719 1702 editore
740 1662 803 1701 non
819 1642 889 1703 sine
912 1644 1018 1727 specie
1036 1645 1118 1707 vitio
1135 1644 1297 1707 baeo'Lu-

200 1739 288 1800 cicno
303 1730 461 1803 dabantur
476 1730 510 1787 in
533 1728 619 1787 notio
634 1723 674 1784 ad
692 1726 812 1789 Electr.
827 1748 856 1787 v.
873 1726 980 1797 1357(
998 1730 1128 1793 soum.
1242 1728 1249 1743 ¹

283 1850 360 1912 Eae.
379 1849 446 1915 1.5.
477 1848 658 1924 Φιλιππίδης
681 1839 980 1929 δήμεροδρομήσας)
1005 1848 1153 1911 limatum
1167 1863 1216 1911 ett
1229 1870 1297 1910 εει·

199 1936 330 2023 picaime
352 1935 385 1991 in
409 1932 540 1989 nomine
562 1933 630 2010 ejna
654 1928 733 1993 viria
767 1936 868 1991 multo
891 1932 1005 1993 melius
1027 1932 1177 1995 Herodot.
1196 1938 1219 1994 1.
1243 1934 1295 1998 vl.

200 2023 256 2105 qui
275 2042 345 2081 eum
367 2020 567 2094 Φειδιππίδην
585 2028 687 2072 vocat.
732 2014 859 2076 Nomen
877 2016 1102 2097 proculdubio
1117 2020 1150 2079 ei
1166 2018 1294 2101 imponi.

198 2122 267 2168 turn
284 2104 325 2166 ob
342 2122 450 2162 cursus
475 2100 685 2173 celeritatem,
712 2114 826 2180 utpote
849 2103 902 2181 qui
916 2123 1025 2162 cursor
1040 2102 1183 2163 eximino
1203 2106 1294 2167 ’ίππυυ

199 2194 351 2271 ἐφείδετο,
377 2187 430 2245 cui
448 2206 512 2243 non
529 2204 610 2262 opue
624 2196 690 2243 crat
706 2205 801 2263 equo.
848 2186 901 2245 Sic
916 2186 999 2247 enirn
1018 2187 1150 2248 Graecis
1168 2188 1292 2247 nomint

199 2280 293 2355 saepe
305 2273 344 2333 ab
360 2270 510 2329 instituto
526 2284 557 2328 et
570 2267 800 2329 exercitatione
823 2269 1077 2349 imponebantur.
1123 2272 1181 2333 Sic
1200 2278 1289 2355 Hort-

198 2357 277 2439 λόπη
292 2351 354 2420 circi
368 2363 423 2418 rori
434 2354 532 2417 λέπειν
545 2351 600 2431 τήν
615 2347 727 2431 arriano.
772 2352 825 2413 Sic
840 2350 993 2433 Ἠλέκτρα
1009 2354 1059 2419 διδ
1075 2352 1109 2422 ri
1122 2356 1222 2421 πυλδυ
1233 2350 1293 2439 poi·

197 2470 255 2510 υου
270 2438 411 2523 ίίλεκίρου
424 2436 511 2503 εἶναι.
555 2437 607 2496 sic
625 2437 802 2519 Μελέαγρος
820 2434 866 2503 ίίτι
880 2435 964 2525 oairpi
976 2442 1055 2523 μέλει
1066 2446 1122 2520 τῆς
1135 2441 1294 2527 &portatori

199 2532 401 2594 Καλυδωνίου
424 2521 555 2603 κάπρου.
608 2521 660 2581 Sic
677 2516 844 2602 Ἡρακλῆς,
874 2522 919 2588 ὅτι
940 2523 989 2588 διδ
1012 2523 1067 2606 τὴν
1082 2523 1194 2607 Ἥραν
1211 2526 1294 2601 ulios

196 2616 268 2695 ἔσχε.
313 2611 367 2671 Sic
385 2613 551 2681 Πολυίδος,
574 2605 624 2670 tri
646 2602 678 2669 τδ
694 2607 799 2687 μίνιις
817 2604 860 2673 civ
873 2607 968 2673 acoliti
986 2612 1045 2674 tte·
1086 2610 1143 2671 Sic
1159 2618 1294 2691 Βελλερυ·

196 2698 312 2780 φόνιης
335 2687 473 2759 cincinni
494 2692 638 2773 Βελλίρνυ
661 2692 774 2770 φόνον.
819 2693 874 2755 Sic
892 2690 1133 2777 'Ynlopvrporpu
1151 2692 1197 2761 ὅτι
1217 2692 1294 2795 ainlp

196 2787 368 2868 porrectione
376 2779 519 2862 Λυγκέως
536 2774 717 2841 ἐκινδύνευε·
740 2792 772 2837 et
788 2792 937 2840 tercenta
951 2780 1041 2843 talia.
1065 2782 1179 2841 Pauor.
1222 2782 1294 2841 Etar

195 2867 346 2931 Palmario
364 2862 540 2944 Solcnoque
556 2867 650 2941 plane
665 2861 837 2934 adtentior,
864 2868 1062 2945 Φειδιππίδης
1075 2862 1293 2941 scribentium,

195 2975 263 3013 non
283 2954 480 3027 Φιλιππίδης,
506 2948 618 3028 reliqui
635 2962 738 3006 tamen
756 2951 937 3029 vulgatum,
962 2944 1038 3029 quia
1053 2948 1214 3011 interdurn
1232 2970 1296 3009 uon

195 3038 332 3097 insuave
352 3051 400 3094 est
419 3031 576 3114 ejusmodi
597 3052 733 3105 errores,
759 3052 840 3111 quoa
863 3030 902 3091 a'b
919 3033 1000 3107 ipcia
1018 3028 1205 3093 auctoribuo
1225 3054 1296 3115 pro·

195 3122 299 3183 fcotoa
319 3117 442 3192 credas,
465 3120 578 3197 legere.
625 3113 698 3177 vid.
719 3116 803 3175 infre
821 3138 848 3179 c.
863 3122 895 3185 8.
913 3116 1055 3193 Eumenen
1076 3114 1248 3179 Gordium
1264 3131 1296 3181 at

195 3204 363 3265 Sardianus
386 3203 530 3262 confusa.
555 3200 677 3258 Ilurrz.
721 3199 845 3262 Belinue
868 3222 996 3285 qnoque
1019 3221 1140 3263 nomen·
1158 3199 1214 3263 bic
1229 3206 1296 3263 vul·

194 3305 302 3374 gutum
317 3284 501 3347 mutandum
520 3297 638 3345 censet.
681 3283 798 3344 Veruru
814 3288 847 3345 et
860 3306 921 3367 ogo
937 3307 1010 3347 curn
1024 3282 1145 3347 Retnio
1157 3284 1296 3347 arbitror

194 3374 312 3456 corrigi
329 3374 377 3433 rio
394 3368 639 3440 nonlibrarioa,
662 3367 717 3428 aed
732 3383 894 3452 auctorem
917 3369 1031 3452 ipourn.
1075 3370 1296 3433 Lerinteulnt

193 3456 249 3521 hic
273 3469 448 3530 errorent,
471 3457 592 3533 atejus
618 3453 760 3535 generis,
783 3467 821 3512 ut
843 3453 940 3514 facile
960 3454 1295 3535 n.eroiono,²'t'tlium

192 3540 401 3601 minutiarum
416 3538 521 3597 minuc
538 3536 665 3596 curioso
675 3538 842 3617 scriptore,
851 3538 1009 3599 committi
1024 3538 1181 3619 potuerit.
1206 3538 1293 3623 Quin

193 3626 358 3707 graviores
373 3624 469 3684 etiarn
484 3625 551 3702 ejus
566 3642 686 3681 errores
703 3636 892 3699 occurrunt,
916 3620 955 3683 de
971 3622 1089 3704 quibus
1102 3622 1289 3705 aliquando,

193 3710 220 3767 ei
236 3711 309 3769 Deo
326 3707 500 3789 placuerit,
523 3705 556 3763 in
572 3705 726 3783 peculiari
746 3706 1016 3771 commentatione
1030 3725 1197 3787 exponere
1211 3703 1288 3769 mihi

191 3794 360 3875 proposui.
404 3790 535 3852 Interim
551 3791 593 3850 cl.
610 3788 776 3849 Henuterlr.
792 3788 832 3849 ad
842 3789 980 3851 Charon.
995 3808 1023 3851 c.
1032 3796 1064 3857 9.
1083 3811 1113 3850 r·
1130 3792 1294 3857 λίνυείυυτῑ

191 3892 339 3939 etmeam
353 3875 463 3938 adnot.
478 3873 519 3934 ad
532 3874 634 3933 Dian.
651 3875 770 3934 Mortt.
782 3873 868 3948 XII,
882 3880 913 3943 7.
934 3876 1029 3937 Torn.
1041 3872 1090 3937 ΙῙι
1102 3894 1137 3957 p.
1152 3880 1233 3945 666.
1246 3894 1293 3959 tq.

189 3961 312 4024 Lentu.
1164 3992 1168 4001 ·

272 4061 350 4128 End.
372 4064 393 4127 l.
409 4070 439 4130 8.
468 4010 723 4139 Συναποθυυείν)
749 4052 928 4123 Valente.
945 4008 1158 4141 ‘'d-Herm·
1173 4058 1240 4141 VI,
1257 4080 1292 4143 p.

189 4151 263 4219 487.
277 4146 471 4231 conjiciebat
488 4150 699 4214 ἐναποθανεῖν.
742 4143 798 4206 Sic
811 4143 966 4208 Lucienua
978 4144 1017 4213 in
1030 4146 1182 4233 Homot·
1193 4160 1228 4209 tr.
1237 4152 1292 4215 76.
