2678 4800
223 210 234 249 b

196 422 238 472 nu
264 417 485 471 seouoenur
508 416 583 467 eno
608 416 784 468 mnenon
800 388 1025 476 oounncuis.
1086 386 1171 487 in·

146 567 225 630 End.
240 573 263 631 1.
280 573 330 634 11.
355 568 413 643 Δὶς
426 562 478 631 oui
493 565 621 644 modu)
643 564 758 627 Erosm.
774 564 810 625 in
824 582 918 649 provi
938 570 1052 638 linem
1091 576 1163 640 Ho‘.

60 650 133 729 die,
157 652 272 736 duplex
287 669 409 728 octauo,
435 650 504 711 sive
525 650 641 713 decimo
653 654 780 734 quinum.
796 673 868 711 nam
886 651 936 719 ind
951 656 1058 735 naonis(
1069 679 1163 738 octo-5

59 763 98 800 un
113 754 181 812 est,-
205 737 452 799 consonantium
478 735 728 815 perfectissima«
745 734 818 796 vid.
836 736 999 802 Ptolemaei
1022 745 1161 816 Hermo.

59 823 134 882 nica
150 823 184 896 Ι,
199 827 230 890 5.
243 836 274 882 et
288 821 340 896 Π,
356 828 385 888 4.
411 821 531 881 Rauen.
578 819 628 880 cf.
642 819 762 883 Adnot.
787 819 826 880 ed
842 823 1002 893 Prometb.
1015 827 1048 886 iu
1062 829 1158 897 Verb,

59 929 86 973 e.
100 915 133 976 6.
151 910 243 967 Torn.
263 907 289 966 I.
303 928 335 988 p.
351 915 424 975 238.
440 927 485 987 sq.
509 906 627 964 Lanu.
778 928 783 945 τ
871 934 880 943 -·

144 1031 223 1093 ibid.
248 1035 401 1116 Πρᾶγμα)
423 1031 472 1090 An
495 1029 696 1091 Musicorum
717 1031 907 1095 vocabulum
925 1036 967 1113 sit
992 1037 1053 1101 bas
1072 1041 1106 1101 in
1122 1030 1159 1107 re

59 1115 201 1206 wippo,
227 1117 312 1199 quod
338 1117 371 1175 in
397 1115 557 1197 plerisque
580 1116 754 1195 reperitur,
777 1132 808 1178 et
828 1118 860 1175 in
878 1118 949 1200 ipso
965 1123 1040 1200 W„
1064 1122 1160 1189 vide·
1307 1196 1311 1205 ff

60 1201 285 1267 sint.Musici.
308 1209 429 1284 πρᾶγμα
452 1220 528 1260 vero
545 1214 648 1260 exstat
674 1199 707 1256 in
726 1200 764 1265 L,
788 1202 834 1258 uti
850 1214 880 1263 e't
896 1205 928 1261 iu
947 1206 975 1265 S.
993 1209 1177 1273 Mutatum.
1253 1206 1256 1213 ⁴
1295 1222 1302 1255 ‘

59 1304 107 1350 est
125 1301 156 1348 et
172 1303 245 1346 ante
260 1275 301 1346 'ab
321 1287 440 1346 Erosmo
460 1285 494 1342 in
511 1282 655 1370 Adagiis.
680 1280 757 1348 εἶναι
778 1285 872 1345 etiam
893 1286 1072 1353 addendum
1090 1316 1159 1376 pu..

59 1387 107 1434 tat
126 1372 273 1434 Vorsn'us.
319 1373 370 1430 De
384 1373 428 1445 δὶς
441 1365 491 1434 did
509 1375 613 1431 πασῶν
638 1367 712 1428 vide
734 1389 792 1429 nos
814 1369 852 1427 ad
880 1372 985 1437 Prom.
1006 1375 1038 1434 in
1063 1378 1155 1447 Verb.

62 1479 88 1522 c.
102 1465 134 1526 7.
154 1456 225 1539 (6.)
243 1456 358 1538 Quom.
376 1456 459 1522 Hist‚
480 1453 612 1514 Conscr,
628 1473 653 1512 c,
671 1461 699 1519 7.
718 1470 748 1514 et
765 1453 898 1516 Advers.
914 1457 1039 1524 Indoct.
1060 1484 1086 1528 e,
1103 1468 1168 1531 21(
1234 1510 1249 1521 ,

59 1541 115 1600 ubi
133 1541 242 1601 itidem
256 1549 376 1624 πρᾶγμα
391 1538 455 1598 no'n
471 1535 591 1623 γράμμα
607 1528 903 1602 occurrirJ'Soum.
940 1542 1156 1623 I'lurimerum
1196 1560 1200 1567 “
1297 1562 1301 1583 ·

60 1624 167 1691 Codd.
182 1640 212 1703 et
229 1625 299 1697 edd.
316 1625 503 1703 scripturam
520 1620 659 1681 servavi:
684 1644 754 1683 narn
771 1623 848 1684 licet
867 1620 900 1689 eri
913 1625 1033 1710 γράμμα
1049 1630 1176 1693 videa-i
1280 1646 1289 1663 ¹

60 1726 114 1772 tur
126 1732 192 1773 esse
208 1731 300 1790 posse
319 1707 508 1769 vocabulum
526 1706 712 1786 Musicum,'
731 1710 803 1791 quia
822 1709 1035 1795 didyonppuid
1053 1715 1155 1790 signi.
1251 1762 1255 1769 .

59 1794 154 1872 ficat',
180 1795 264 1876 quod
281 1794 377 1859 hodie
398 1790 512 1873 scolam
529 1790 681 1868 dicimus,
706 1794 725 1857 i.
741 1815 766 1858 e.
783 1796 1044 1867 commonstratio
1067 1814 1158 1860 nota.

59 1902 132 1940 rum
149 1879 340 1938 musicarum
355 1900 394 1938 ex
409 1877 539 1952 ordine,
564 1896 590 1934 a.
607 1875 636 1933 b.
654 1899 681 1935 c.
700 1876 795 1960 idque
809 1878 967 1941 interdurn
985 1883 1162 1949 confundi.
1219 1890 1222 1895 ‘
1314 1875 1319 1890 ⁸

60 1977 285 2037 aureonno,
315 1961 399 2044 quod
428 1961 559 2043 Systema
581 1961 703 2020 Musici
729 1965 858 2039 dicunt,
882 1965 968 2041 (vid,
992 1988 1075 2048 supr.
1099 1968 1155 2035 cit.
1216 2028 1220 2039 ,
1255 1998 1259 2006 ·

54 2048 192 2113 'Ptolom
209 2049 383 2124 Hermon.)
408 2063 518 2106 tomen
535 2044 567 2104 id
591 2044 645 2104 vix
669 2050 774 2106 lorum
799 2044 908 2121 hebet;
942 2072 1013 2111 nam
1035 2058 1162 2135 πρᾶγμα
1208 2098 1220 2133 s

57 2128 115 2193 bic
134 2132 245 2194 Nostro
268 2148 316 2193 est
339 2136 483 2213 negotium
502 2155 601 2205 snum,
625 2147 725 2190 status
746 2133 801 2192 ille
822 2132 962 2210 eulicus¹
987 2135 1025 2197 de
1048 2157 1166 2217 quoae·
1219 2172 1222 2184 ·

51 2206 193 2302 'purgem
217 2235 247 2278 et
263 2239 353 2298 quern
370 2219 520 2296 deinceps
537 2235 601 2272 non
617 2219 711 2275 semel
726 2214 899 2298 πράγματος
914 2220 1043 2280 nornine
1059 2219 1157 2283 deno·
1214 2250 1223 2259 “

57 2314 137 2383 tet,.
148 2316 184 2383 ut
197 2303 303 2362 statim
321 2323 345 2366 c.
361 2321 425 2383 seq.
442 2303 525 2365 τουτὶ
547 2334 586 2345 -
609 2296 642 2364 τὸ
656 2295 800 2383 ἡμέτερον
813 2298 934 2386 πρᾶγμά
949 2306 1006 2364 etc.
1031 2306 1170 2373 Reum,
1225 2336 1228 2343 ·

141 2428 220 2491 Eoi.
235 2432 256 2487 l.
273 2438 322 2496 19.
343 2421 490 2508 Ἀνεμὸνη
512 2423 614 2511 ῥόδῳ)
637 2427 674 2485 In
697 2426 845 2486 omnibus
864 2427 955 2505 impr.
972 2431 1080 2507 aliter,
1105 2454 1157 2495 ro.
1217 2426 1244 2481 .‘

58 2534 174 2598 eaeque
194 2516 372 2594 praefertur
393 2533 547 2574 anemone
563 2527 671 2587 contra
695 2526 835 2571 veterum
851 2511 995 2573 codicum
1014 2517 1095 2576 Mes.
1115 2516 1157 2576 fi-

58 2598 148 2671 dem,
173 2597 207 2657 in
227 2597 343 2678 quibus
360 2592 499 2679 ἀνεμώνη
515 2593 615 2680 ῥόδῳ,
639 2611 674 2654 ut
690 2595 723 2653 in
740 2596 794 2655 W.
809 2611 839 2655 et
852 2599 891 2664 L.
905 2600 1033 2683 legitur.
1072 2603 1155 2667 Nan
1170 2616 1185 2633 ·

58 2680 147 2764 quod
162 2683 196 2740 in
205 2684 260 2742 W.
275 2686 340 2763 jota
352 2682 565 2763 subscriptum
575 2680 671 2741 habet
687 2673 836 2765 diripuistis,
846 2686 1093 2745 recentissimam
1103 2708 1158 2747 er·

58 2767 134 2849 guit
154 2788 297 2828 manum:
330 2769 363 2826 in
385 2790 422 2829 eo
446 2769 530 2827 enim
557 2765 669 2826 codice
694 2765 885 2826 adscribitur
904 2770 1042 2848 sempe'r3
1068 2793 1158 2831 nun-

59 2871 152 2933 quem
168 2852 371 2932 supponitur.
417 2853 581 2912 Hactenus
595 2850 812 2929 desscriptura.
857 2854 936 2912 Rem
954 2853 1052 2935 ipsam
1069 2855 1158 2937 quod
1188 2888 1192 2895 ·

58 2935 193 3011 attinet„
216 2935 243 2993 si
261 2952 381 2997 veteres
398 2936 569 3016 inspicias,
592 2949 623 2995 et
640 2954 732 3015 quam
748 2936 914 3018 magnifica
930 2936 968 2996 de
982 2959 1052 2999 rosa
1066 2960 1157 3018 prse-

60 3019 258 3097 diceverint‚
283 3019 449 3094 observes,
487 3040 667 3100 nunquam,
695 3018 812 3093 eredo,
843 3020 876 3079 in
900 3021 1039 3109 anipnum
1062 3022 1158 3085 indu·

61 3125 113 3167 ces
133 3127 294 3165 anemonae
314 3103 550 3186 posthabitam
575 3106 746 3184 praecipue
772 3104 798 3164 si
820 3104 965 3187 reputes,
990 3128 1082 3190 quam
1105 3105 1159 3173 in.

59 3188 181 3251 curiosi
196 3187 291 3248 iidem
310 3205 430 3250 veteres
444 3209 516 3272 erge
532 3186 643 3249 florum
660 3193 832 3260 culturam
858 3189 942 3273 quod
959 3204 1069 3253 contra
1087 3189 1125 3252 fit
1137 3212 1165 3255 ι’

60 3290 190 3333 nostrae
207 3275 321 3333 aeratis
342 3273 536 3347 bominibus,
562 3273 619 3353 qui
635 3273 732 3331 variis
746 3273 867 3334 artibus
885 3296 938 3334 eos
952 3272 1056 3352 flores,
1075 3296 1158 3357 ques

56 3357 162 3419 hortis
179 3356 246 3416 suis
270 3357 385 3438 dignos
412 3359 615 3432 existimant,
640 3355 719 3416 adeo
742 3374 919 3434 exornant,
945 3374 980 3418 ut
1002 3380 1158 3423 anemone

57 3445 120 3526 jam
143 3446 250 3502 colore
265 3458 296 3500 et
313 3441 534 3524 magnitudine
553 3463 622 3502 cum
638 3462 709 3501 rosa
725 3456 843 3504 certare
866 3443 1053 3524 quibusdam
1069 3430 1159 3507 vide·

56 3527 86 3586 ri
101 3526 217 3606 possit.
242 3526 367 3586 Sonitu.
409 3523 688 3610 Ἀνεμώνῃρόἃον)
711 3526 1159 3591 Nonmoueohanceditie·
1255 3550 1259 3555 ·

56 3632 134 3669 num
160 3611 350 3686 lectionem,
377 3632 469 3691 quam
489 3610 620 3672 Solones
643 3631 708 3669 non
736 3610 812 3671 satis
831 3609 959 3675 videtur
972 3613 1159 3681 attendisse.

54 3694 140 3757 Nam
156 3696 203 3755 sie
220 3709 375 3754 structura
391 3695 562 3774 respondet
577 3695 724 3775 sequenti
742 3689 898 3779 ἀνθρώπῳ
909 3700 1051 3778 πίθηκος.
1076 3697 1159 3759 Cum
1202 3744 1208 3755 .
1226 3767 1236 3775 ‚

56 3780 142 3841 enim
159 3793 233 3839 ante
253 3777 301 3836 bis
323 3778 561 3839 nominativum
579 3780 832 3860 praeposuisset,
854 3778 997 3862 μόλιβδος
1020 3778 1159 3866 ipyiprp,
1301 3778 1305 3785 ’

56 3860 165 3945 χαλκὸς
177 3869 280 3944 χρυσῷ
292 3863 420 3941 dicens3
444 3868 504 3944 jam
520 3863 586 3932 bis,
611 3864 788 3945 elegantiae
809 3886 937 3936 caussa,
962 3864 1091 3927 videtur
1108 3868 1172 3927 in.'

57 3947 193 4008 vertisse
220 3947 509 4026 constructionem,
547 3941 819 4034 ἆνεμώνῃρόὁον,
849 3943 1002 4037 duitpoinp
1023 3956 1161 4031 πίθηκος

57 4030 205 4112 ponens:
228 4030 313 4093 unde
330 4046 433 4092 tamen
454 4052 518 4092 non
535 4033 749 4113 consequitur·
758 4078 768 4106 ,
791 4055 894 4095 rosam
909 4036 948 4095 ab
965 4057 1004 4096 eo
1025 4033 1160 4116 postbe-

59 4115 128 4177 beri
146 4137 336 4196 anemonae3
360 4115 414 4177 sed
429 4116 503 4198 quia
523 4131 648 4177 tantum
666 4116 762 4191 dicit,
786 4137 928 4200 quonium
944 4118 1099 4183 discrimen
1119 4136 1161 4183 est

62 4201 324 4282 inuenientium,
348 4222 420 4263 eum
436 4202 549 4261 lectori
560 4199 816 4282 posthabendum
833 4204 1006 4291 relinquit,
1031 4205 1159 4286 quemis
1253 4260 1256 4265 ,
