2678 4800
239 330 352 415 ,198Ι
474 352 562 391 0..
628 340 934 403 »vetusta

156 852 601 977 sausAAlE'tE,
632 888 685 965 H
728 836 1277 973 ΛΝΑΒΙΟΥΝΤΕΣ.

282 1280 285 1285 ’
331 1298 444 1364 Argum.
463 1291 627 1347 Oileoderat
640 1288 794 1363 superioris
807 1293 923 1365 Dialogi
933 1295 1048 1351 licentis
1056 1316 1066 1362 ,-
1083 1296 1228 1368 variisque
1239 1312 1300 1351 mo·

262 1381 315 1450 dis,
332 1378 479 1454 probabile
493 1388 544 1445 est,
562 1389 699 1433 sectarum
714 1381 795 1432 istius
811 1381 873 1434 aevi
886 1400 1018 1453 proceres
1032 1383 1061 1436 in
1077 1387 1135 1447 ejus
1151 1392 1298 1439 auctorem

256 1471 386 1523 invectos
405 1466 507 1520 luisse:
518 1530 523 1541 ι
534 1466 652 1518 maxime
665 1482 731 1519 vero
748 1465 804 1519 boc
818 1467 844 1520 ei
858 1470 1041 1539 exprobrasse
1055 1469 1203 1539 sidentur,
1223 1468 1302 1543 qnod
1336 1462 1338 1469 ’

218 1614 221 1619 ,
259 1553 436 1624 grauissimos
450 1561 479 1604 et
492 1552 684 1604 sanctissimos
704 1551 877 1606 familiarum
892 1554 1153 1627 philosophicarum
1169 1557 1297 1611 condito·

258 1659 304 1698 aas
320 1659 371 1712 per
389 1639 519 1695 libellum
532 1638 619 1690 istum
638 1655 704 1690 cum
719 1655 827 1692 summa
839 1639 994 1710 petulantia
1009 1650 1037 1695 et
1048 1642 1151 1709 iniuria
1165 1644 1239 1699 risui
1248 1660 1296 1698 aa·

259 1729 394 1798 posuerit.
428 1727 510 1778 Hanc
523 1724 733 1777 accusationem
753 1721 867 1778 diluere·
876 1716 993 1782 conatus
1005 1730 1062 1794 ism
1075 1729 1152 1799 ipsos
1166 1730 1235 1783 illos
1250 1746 1295 1784 co·
1329 1742 1333 1747 '

259 1812 397 1884 ryphaeos
417 1809 500 1879 lingit
521 1807 558 1862 ad
586 1809 778 1863 ulciscendam
798 1812 851 1865 sibi
871 1811 981 1866 illatam
998 1815 1131 1881 injuriam
1150 1817 1183 1868 in
1209 1834 1295 1873 unum

260 1901 336 1953 diens
348 1913 381 1951 ex
397 1897 475 1952 Orco
489 1895 520 1948 in
534 1894 621 1949 ritem
635 1896 765 1964 rediisse,
783 1906 812 1949 et
825 1915 902 1952 nunc
917 1899 1047 1965 Athenis,
1067 1900 1114 1953 ubi
1129 1885 1193 1957 tum
1207 1920 1294 1967 maa·

257 1985 344 2040 batur
352 1985 501 2046 missus,
518 1981 606 2035 iratos
618 1983 685 2035 huic
697 1984 833 2038 nebuloni
847 1978 1018 2052 supplicium
1031 2002 1138 2054 parare.
1175 1987 1234 2047 Vix
1245 1989 1303 2045 jn.-

257 2063 369 2141 pe'trara
381 2067 432 2123 ille
443 2076 555 2137 potest,
573 2078 606 2123 ut
615 2069 669 2122 rite
679 2068 735 2140 ipsi
755 2071 787 2124 in
806 2088 870 2124 arce
881 2071 916 2124 lis
929 2069 1107 2141 intendatur,
1125 2074 1225 2139 judice
1237 2075 1292 2144 ipsa
1328 2126 1333 2135 .

255 2153 455 2231 Philosophia,
472 2162 543 2208 teste
557 2154 692 2220 Veritate,
712 2166 739 2208 et
758 2166 903 2226 praesente
918 2158 1028 2210 Virtute
1046 2159 1161 2228 ejusque
1182 2158 1293 2211 comiti·

254 2242 325 2310 bus,
343 2239 535 2295 adsidentibus
552 2241 636 2293 etiam
656 2242 761 2306 judicio
774 2244 858 2312 ipsis,
877 2246 926 2314 qui
943 2245 1029 2297 laesos
1049 2262 1079 2297 se
1094 2244 1290 2314 querebantur,

194 2342 201 2353 ¹
253 2325 440 2400 philosophis.
476 2325 518 2377 Ex
538 2324 582 2377 his
596 2336 790 2381 accusatorem
809 2329 868 2398 agit
888 2330 1009 2382 delectus
1026 2331 1056 2382 in
1076 2330 1132 2381 hoc
1148 2328 1292 2400 negotium

146 2400 149 2404 Δ
253 2416 397 2484 Diogenes
414 2411 553 2478 cynicum
573 2414 652 2475 cujus
667 2413 871 2466 declamatione
886 2415 975 2484 magis
988 2417 1104 2484 cupida,
1125 2433 1214 2486 qnam
1224 2416 1292 2471 dito·

254 2499 318 2554 aida
331 2507 360 2550 et
373 2498 541 2564 composito,
560 2496 731 2566 ostenditur,
749 2503 899 2552 lucianum
913 2500 1067 2568 inscriptis
1081 2501 1155 2570 suis,
1175 2501 1291 2557 maxims

148 2604 155 2611 ·
255 2585 364 2640 sercin
384 2571 535 2635 novissima
550 2584 678 2637 Vitarum
695 2587 845 2654 Auctione,
864 2585 981 2639 summis
1000 2586 1193 2655 philosophis,
1208 2587 1292 2645 asisc-¹

159 2686 162 2691 ·
254 2689 311 2744 que
328 2669 383 2741 ipsi
396 2667 612 2739 Philosophiae,
636 2687 721 2741 quam
741 2672 924 2726 audacissime
945 2672 1137 2736 maledixisse,
1157 2672 1291 2727 studiant·

254 2776 310 2832 que
322 2755 515 2828 philosophiae
529 2772 612 2808 omne
624 2758 698 2826 plebi
713 2757 859 2827 imperitae
869 2759 1022 2814 ridiculum
1036 2759 1200 2813 reddidisse.
1221 2760 1292 2815 coa·

252 2852 299 2899 tra
312 2822 399 2916 quaint
419 2859 482 2896 reus
506 2858 615 2896 summa
633 2861 700 2896 cum
709 2844 869 2898 calliditate
888 2857 917 2900 et
936 2847 1098 2899 dexteritate
1115 2845 1291 2913 declarasset,

251 2947 398 3004 nunquam
412 2928 465 2982 sibi
475 2968 483 2996 ,
502 2936 602 2999 utpote
614 2929 807 3000 philosophiae
818 2932 1106 3004 philosophorumque
1117 2933 1237 2987 illorum
1248 2949 1291 2986 vt·

250 3027 345 3074 terum
354 3014 561 3072 studiosissimo
575 3016 678 3069 cultori
691 3026 719 3068 et
733 3016 908 3086 admiraturi,
926 3029 984 3073 tam
998 3023 1129 3074 insanum
1138 3021 1290 3075 consiliant

238 3088 282 3159 ¹iu
293 3114 416 3159 mentem
428 3103 549 3169 senisse,
564 3100 622 3154 imo
637 3103 749 3170 petiisse
763 3120 792 3157 se
804 3106 898 3175 potius
912 3106 942 3158 in
957 3105 1073 3158 illorum
1089 3107 1214 3176 gratiam
1228 3105 1290 3161 usli·

250 3201 327 3246 catos
341 3207 375 3245 ac
389 3187 508 3261 pessima
521 3197 662 3257 moratos,
683 3190 798 3243 omnino
811 3192 936 3259 spurios,
956 3191 1005 3263 qui
1019 3209 1097 3244 suam
1107 3199 1235 3254 aetatem
1245 3187 1289 3246 ds·

249 3276 431 3344 decorarent,
451 3273 646 3344 philosophiae
664 3275 851 3343 professores:
870 3277 999 3331 omnibus
1011 3278 1152 3347 suffragiis
1168 3276 1291 3332 honori-⁹

201 3360 205 3367 ⁴
248 3363 431 3417 licentissime
450 3351 624 3423 absolvitur,
643 3362 865 3434 mandatumque
877 3363 991 3417 tandem
1006 3365 1123 3434 accipit,
1142 3372 1188 3425 ut,
1209 3365 1288 3419 Eleu·

248 3447 304 3501 cho
317 3449 481 3515 adiurante,
499 3443 646 3517 piscatoris
660 3448 749 3500 instar
763 3447 840 3502 hami
857 3466 911 3519 ope
926 3451 1031 3504 inescet
1045 3459 1210 3521 tentetque,
1230 3452 1288 3523 qod-

248 3549 360 3604 cunque
380 3532 578 3604 philosophiae
600 3550 704 3587 nomen
724 3535 927 3605 profiteantur,
958 3536 1102 3607 singulos,
1125 3540 1286 3611 probosque

246 3635 347 3675 eorum
356 3637 462 3674 corona
475 3620 619 3692 oleaginea
633 3630 730 3694 ornet,
748 3596 851 3694 spuriis
866 3639 948 3691 vero,
965 3623 1082 3681 detonsa
1094 3624 1175 3695 prius
1187 3625 1285 3697 barba,

246 3716 347 3765 notam
359 3707 463 3772 inuret.
