2678 4800
183 336 260 409 710
450 322 1014 409 souol'ssrorsat

183 500 301 566 simum
316 498 442 563 ratione
457 495 623 561 scribenda
640 497 683 559 sit
696 516 763 561 vox
781 492 993 580 Κυλλάραβις·
1015 516 1091 557 nam
1105 494 1141 555 in
1156 494 1283 577 Pyrrho

186 581 365 667 Κυλάραβις
379 583 548 659 scribitur,
571 583 605 642 in
624 584 691 642 vita
707 595 812 641 autern
828 580 1009 659 Cleomenis
1024 578 1059 645 ri
1070 577 1286 663 Κυλλαράβιον

185 688 218 752 p.
230 676 302 735 710.
318 668 426 745 (June.
445 676 514 735 174.
529 669 567 731 A.
585 670 641 747 B.)
663 663 794 727 Deinde
812 686 888 725 mox
910 666 1103 749 Κυλλᾶβορις
1127 666 1284 746 scriptum

185 768 234 816 est
248 775 279 836 p.
294 758 368 820 714.
384 753 420 837 B.
437 752 542 840 (Junr.
559 756 629 819 176.
646 747 704 832 C.)
721 749 787 853 iliis.
800 750 856 809 W.
873 762 906 809 et
922 751 958 811 P.
973 750 1069 811 etiam
1084 749 1140 809 hic
1153 756 1287 813 Σκυλλυ·

186 835 535 1003 attritur-...t
549 851 655 981 stt
676 836 1286 1017 {territent{rapt

186 1014 260 1076 244.
284 1006 323 1066 Iu
338 1002 461 1065 Graeco
474 1010 575 1065 textu³
594 1002 641 1065 ed.
665 1001 790 1068 Weclrel.
813 1023 936 1080 semper
949 1000 1136 1086 Κυλᾶρυβος
1150 1010 1286 1067 unreol.

187 1090 351 1154 scribitur.
374 1088 502 1150 Soura.
548 1085 667 1169 Κοιλὴυ
677 1084 843 1169 Ἀραβίην)
863 1074 999 1147 iletinui
1013 1087 1046 1147 in
1066 1087 1218 1149 versione
1231 1092 1288 1151 lea·

187 1177 308 1236 tionem
325 1173 488 1249 omnium,
512 1188 665 1254 quantum
691 1185 833 1249 constat,
851 1169 1031 1235 librorum:
1053 1172 1132 1233 licet
1147 1172 1288 1235 indicate

186 1279 254 1319 non
275 1257 395 1339 possim
419 1280 524 1319 cavom
545 1257 712 1330 Arabiam,
750 1259 802 1317 vel
824 1255 938 1316 melius
959 1255 1083 1337 aliquid
1104 1256 1288 1339 excogitare

191 1340 360 1409 Graeciano
373 1339 615 1419 emendatione,
639 1359 721 1422 quae
738 1337 815 1399 inde
840 1360 969 1421 quoque
992 1338 1114 1424 aliquid
1133 1340 1289 1420 probabi-

188 1425 292 1487 litatis
314 1427 451 1507 accipit,
487 1424 573 1509 quod
593 1421 736 1508 Ἀραβίην
756 1428 869 1506 legunt
888 1444 1015 1502 ornnes,
1037 1444 1103 1485 non
1124 1420 1287 1508 Ἀραβίου,

189 1506 352 1593 quomodo
369 1508 546 1591 scripturus
558 1509 686 1571 videtur
708 1506 807 1569 fuisse
822 1507 989 1585 Lucienus,
1004 1507 1213 1591 gi*Arabiam
1231 1531 1288 1571 vo·

186 1593 309 1656 luisset.
332 1595 437 1655 Geso.
480 1594 585 1677 Quam
600 1593 783 1655 felicissima
799 1589 917 1653 Graevii
931 1602 1040 1654 manus
1055 1594 1217 1672 restituit,
1229 1598 1287 1656 lec·

188 1679 311 1741 tionem
327 1699 394 1738 auo
413 1677 520 1739 animo
536 1699 644 1740 omnes
667 1677 861 1738 recentiores
878 1691 910 1736 et
936 1678 1127 1758 interpretes
1141 1692 1176 1741 et
1190 1673 1289 1741 edito·

187 1783 239 1825 res
257 1765 308 1824 vel
324 1760 551 1841 reddiderunt,
574 1766 625 1824 vel
642 1775 840 1843 receperunt.
883 1760 1091 1823 Proverbium
1113 1782 1185 1825 esse
1206 1762 1288 1825 anti-

189 1866 304 1931 quum,
328 1845 468 1906 dubitari
488 1867 554 1908 non
570 1861 688 1928 potest.
730 1844 888 1921 Incertior
902 1859 950 1906 est
964 1849 1033 1928 ejus
1050 1847 1161 1930 origo,
1186 1846 1286 1909 omui.

188 1953 233 1992 no
250 1944 354 1993 tamen
370 1931 422 1990 illa
436 1951 476 1992 ex
492 1931 686 2012 antiquitate
699 1930 819 2014 Argiva
833 1931 1021 2010 repetenda,
1045 1946 1101 1991 aut
1117 1953 1135 1993 e
1149 1931 1286 2013 Gymna-

188 2011 232 2079 sii
246 2012 343 2091 illius,
369 2011 537 2098 Cyllarobis
553 2014 642 2089 dicti,
667 2014 706 2077 de
723 2034 786 2097 quo
806 2013 952 2094 inprimis
966 2012 1095 2077 Peucon.
1113 2014 1282 2078 Corinthi.

189 2119 216 2165 s.
232 2106 284 2167 22.
301 2112 332 2160 et
346 2097 414 2163 Liv.
427 2103 450 2161 l.
469 2120 496 2159 o.
516 2098 656 2160 adeundi
682 2114 775 2171 sunt,
803 2098 988 2175 sanctitate,
1013 2114 1068 2159 aut
1089 2121 1108 2161 e
1129 2098 1284 2182 singulari

190 2180 325 2265 quadam
349 2182 499 2261 historia,
540 2205 634 2266 quam
659 2182 781 2246 Belinus
812 2182 907 2242 nimis
939 2181 1138 2246 confidenter
1167 2182 1285 2247 definit.

191 2267 285 2332 Clara
304 2281 410 2328 sutem
426 2267 475 2327 vis
496 2274 563 2351 ejus
578 2284 625 2330 est
640 2285 673 2331 et
688 2283 817 2328 nature:
840 2265 1040 2350 significatur
1054 2268 1140 2330 enirn
1156 2290 1198 2331 eo
1211 2289 1285 2329 sum·

189 2372 239 2413 ma
252 2366 348 2435 atque
361 2367 501 2415 extrema
515 2352 657 2415 omnium
672 2373 773 2415 rerum
787 2349 984 2433 desperatio,
1010 2366 1046 2411 ut
1059 2357 1113 2413 vel
1126 2351 1181 2432 id,
1205 2350 1285 2437 qaod

189 2437 422 2497 sanctissimum
437 2452 503 2516 est,
527 2436 625 2519 impie
639 2429 762 2499 iiolare
775 2436 907 2520 cogaris.
936 2434 1039 2520 Quem
1058 2451 1200 2499 veterem
1216 2446 1287 2520 pos·

186 2534 253 2581 tam
268 2520 329 2580 sibi
345 2520 501 2583 Brodaeus
515 2520 661 2599 finxerit,
686 2521 737 2581 cui
752 2519 829 2581 haec
844 2520 976 2582 Lucioni
989 2519 1082 2582 verbs
1100 2519 1286 2603 debeantur,

191 2606 306 2667 vallem
320 2604 401 2680 iste,
426 2607 453 2664 si
468 2619 612 2688 poterat,
635 2607 777 2687 apertius
796 2603 991 2670 declarasset.
1015 2607 1137 2669 Laura.
1238 2649 1241 2653 -

276 2727 357 2795 thal.
376 2726 544 2816 Ἀραβίην)
566 2732 659 2816 Quae
673 2732 860 2816 longissime
875 2731 968 2813 Argia
985 2730 1095 2793 distat.
1117 2732 1233 2803 Brun.
1289 2697 1292 2701 Ι

273 2854 385 2920 Eoril.
403 2838 433 2929 3⁵.
458 2852 533 2922 ‘Ta’
557 2853 710 2943 inopino)
745 2860 833 2919 Leve
857 2872 923 2932 est,
954 2857 1042 2941 quod
1064 2878 1123 2940 pro
1146 2838 1290 2921 varisirte

189 2940 333 3005 lectione
349 2966 390 3005 ex
403 2944 469 3006 Ma.
482 2945 539 3009 W.
557 2946 668 3006 notavi
684 2938 743 3009 iai
759 2937 889 3024 ἀπορίας
901 2944 974 3025 legi.
1016 2942 1153 3005 Interim
1170 2943 1288 3007 tirones

190 3024 381 3105 observent,
403 3028 633 3111 apostrophum
658 3030 692 3088 in
714 3026 1007 3110 praepositionibus
1033 3048 1126 3106 saepe
1149 3042 1182 3089 et
1199 3024 1288 3111 -spnrl

190 3109 271 3172 alios
287 3112 418 3199 negligi.
463 3113 512 3173 Its
531 3113 615 3194 apud
631 3113 722 3174 Dion.
737 3110 843 3174 Helie.
857 3110 899 3173 L.
913 3111 956 3173 X.
974 3133 1006 3193 p.
1023 3134 1063 3179 nr.
1079 3117 1151 3181 638.
1169 3134 1213 3176 m.
1229 3106 1288 3177 sirii

190 3191 303 3276 ἇνδρός
319 3196 483 3282 ἀγνώστου.
505 3184 622 3281 Jriseplr.
645 3196 757 3278 Autiq.
775 3196 810 3270 I,
831 3205 869 3271 3.
890 3204 922 3264 3.
944 3189 1007 3262 cirri
1024 3188 1171 3279 Ἀδάμου.
1194 3196 1296 3261 &mli

189 3279 231 3344 L.
246 3280 336 3345 VIII.
360 3304 392 3364 p.
407 3287 481 3351 559.
505 3287 566 3358 (al.
580 3286 678 3362 364.)
696 3279 771 3345 nasci
788 3272 962 3361 οἷποκοπὴν.
983 3279 1053 3345 Aet.
1069 3280 1109 3343 V.
1126 3282 1170 3345 H.
1185 3282 1220 3360 I,
1238 3278 1287 3353 80.

189 3366 239 3429 tat
250 3367 349 3444 ἵππου
373 3365 428 3428 sed
443 3389 514 3426 cum
527 3383 692 3448 suspectas
704 3366 748 3429 sit
761 3366 816 3426 ille
827 3370 930 3442 locus,
952 3381 988 3427 et
1001 3362 1052 3444 ἐφ’
1066 3366 1172 3431 ἵππων
1186 3370 1290 3453 legen·

190 3447 266 3529 dum
288 3450 369 3512 velit
381 3449 475 3515 Pois.
491 3471 564 3512 ecee
583 3450 701 3511 similia
723 3471 761 3510 ex
782 3447 912 3527 eodem,
937 3450 1090 3511 nimirum
1105 3450 1143 3529 I,
1157 3458 1212 3519 31.
1238 3446 1290 3521 ieri

188 3528 327 3601 isteron.
352 3536 394 3597 L·
411 3543 444 3604 2.
461 3556 488 3596 c·
507 3544 537 3604 3.
559 3529 788 3601 v‘rri'Arrsliori.·
806 3534 929 3617 Evang.
952 3533 1065 3599 Marah.
1087 3536 1288 3640 οπο-11178.

188 3613 251 3685 cirri
266 3615 416 3685 Ἠσαΐου·
438 3634 471 3681 et
485 3621 538 3697 ΙΙ,
557 3628 606 3687 17.
630 3615 691 3686 n‘ni
706 3614 875 3701 Ἰερεμίου·
899 3633 930 3680 et
945 3619 1013 3693 XI,
1030 3626 1059 3685 7.
1081 3615 1145 3683 rino
1158 3612 1289 3703 ἀνέμου·

192 3716 223 3763 et
243 3724 337 3785 saepe
361 3703 440 3765 alibi
466 3702 551 3787 apud
572 3703 632 3766 hos
658 3726 694 3765 ao
714 3704 867 3785 profanos
890 3703 1072 3784 scriptores.
1115 3704 1165 3763 Es
1187 3720 1289 3767 tamen

190 3807 257 3848 non
274 3809 341 3850 esse
361 3790 444 3851 vitia
466 3787 543 3851 inde
565 3804 651 3868 orta,
675 3785 761 3872 quod
786 3787 1041 3869 praepositiones
1058 3788 1290 3873 pes-‘'compen-

155 3864 159 3871 “
192 3869 280 3932 dium
300 3874 396 3933 scribi
418 3878 561 3951 soleant,
584 3889 673 3955 patet
697 3894 738 3937 ex
761 3871 885 3954 poetis,
910 3872 965 3954 qui
990 3870 1206 3954 apostrophos
1222 3893 1293 3934 sse-

190 3956 266 4101 pius
289 3957 415 4040 quidem
440 3956 579 4035 addunt,
608 3956 694 4018 haud
717 3977 788 4018 raro
810 3970 916 4017 tamen
937 3957 1110 4035 omittunt,
1140 3972 1180 4019 ut
1199 3956 1290 4021 Hom.

210 4041 288 4107 iisd.
306 4050 348 4117 Ζ,
370 4051 419 4111 15.
442 4076 484 4089 --
506 4039 569 4130 ὁδῷ
589 4045 637 4108 i'rrr
662 4044 743 4112 olata
766 4038 1113 4109 vatoo.1bid.56.-
1133 4046 1292 4125 umolqear

189 4124 266 4192 aursi
282 4124 376 4194 sinon.
400 4126 443 4189 Et
458 4135 510 4194 62.
536 4161 575 4184 ⁹-
599 4124 659 4194 ἀπὸ
674 4125 748 4193 ἵθέν
760 4123 857 4192 s’r'oaro
872 4127 959 4209 prepi.
978 4124 1104 4189 Rura.
