2678 4800
206 365 282 441 610
475 369 1042 425 nonousanoana

207 528 296 615 quod
312 525 442 588 odoram
457 520 513 583 vix
528 518 642 597 habet,
664 531 751 579 carta
772 508 833 577 vix¹
850 513 1097 581 discernendum
1117 518 1161 582 ab
1180 520 1309 583 aliorum

208 614 363 698 sanguine
382 607 584 669 animaliumt
608 606 675 663 tdm
697 597 797 683 φόνος
810 623 869 661 aur
883 601 939 663 hic
950 622 1010 685 pro
1024 606 1196 689 sangnine
1208 625 1311 689 pona-

207 717 276 778 tur,
298 697 356 757 vix
372 691 583 774 intelligitur:
607 686 739 748 aliudne
756 688 821 747 olet
836 688 917 747 vana
934 702 1066 770 pertusa
1082 690 1247 763 amissus,
1265 693 1310 753 val

209 786 248 846 ds
262 779 392 843 naribus
412 773 583 857 prosiliens
604 772 751 855 sangnis,
776 792 871 851 quam
896 792 991 832 cruor
1005 794 1023 831 a
1046 772 1179 836 caede?
1214 794 1309 837 semet

208 870 382 930 humanum
402 865 503 935 olera,
528 861 583 917 illa
604 872 689 916 carte
705 855 791 936 apud
803 857 989 917 Athenaeum
999 858 1217 921 meretricula
1229 870 1310 941 puta.

205 955 282 1030 hat,
304 948 357 1009 aui
370 946 588 1014 Ptolemaeus,
606 964 647 1002 ea·
662 940 773 1001 balano
785 962 843 1000 asu
859 939 973 1023 glande
987 944 1071 1024 regia
1081 966 1169 1021 asae,
1188 962 1312 1027 ratpot*

210 1036 269 1096 dit.
314 1035 397 1091 Tum
421 1029 460 1088 da
475 1027 559 1087 fabis
580 1026 810 1086 samosatensis
824 1024 977 1103 Sophiata
998 1024 1099 1087 moda
1113 1024 1312 1105 dinami

209 1126 273 1186 πᾶν
287 1112 363 1201 γονή
378 1119 442 1179 sias.
485 1109 575 1195 Quid
593 1109 720 1193 igitur?
742 1105 836 1193 γόνον
852 1107 996 1170 dabimus
1010 1108 1223 1193 Porphyrio,
1238 1114 1314 1193 aab·

211 1230 254 1287 μα
266 1201 406 1264 Luciano
418 1195 487 1261 ivai
498 1204 554 1261 soni
567 1193 657 1274 οἶμος
679 1216 720 1253 an
729 1191 802 1275 αἷμα
815 1193 894 1275 poni
907 1214 965 1274 pro
979 1195 1136 1278 genitura
1151 1195 1313 1261 nicenus?

211 1286 361 1369 inprimis
376 1307 447 1345 cum
463 1280 671 1362 consanguinei
685 1294 717 1338 et
731 1280 853 1362 sanguis
864 1302 945 1340 meus
959 1298 1016 1359 pro
1031 1278 1124 1357 filio,
1152 1296 1189 1343 st
1204 1281 1313 1343 similia

210 1379 303 1457 plura
330 1370 363 1428 in
383 1390 442 1429 usu
461 1368 544 1428 sint:
567 1387 607 1424 an
627 1362 768 1443 denique
790 1362 829 1425 de
844 1363 907 1423 alia
923 1384 1010 1422 nuno
1027 1382 1065 1425 ra
1080 1362 1236 1429 Luciano
1254 1388 1314 1429 sat·

210 1477 337 1519 monem
363 1472 430 1514 esse
445 1451 603 1525 dicemus,
628 1447 667 1509 de
685 1450 748 1508 alia
767 1445 888 1531 Origeni
900 1461 932 1509 st
947 1447 1151 1534 Porphysio?
1180 1472 1314 1533 praesce-

211 1543 271 1603 tim
294 1561 365 1599 sum
383 1537 435 1597 illi
452 1536 486 1595 in
506 1539 573 1596 sole
592 1549 715 1614 ponant
738 1531 843 1593 fabam
866 1530 1017 1593 dantibus
1039 1531 1249 1617 levigatam,
1268 1534 1314 1597 hit

211 1639 323 1687 noster
338 1622 454 1684 elixam
471 1621 504 1681 in
519 1624 607 1680 luna.
653 1617 784 1679 Scilicet
805 1615 975 1701 coquendo
990 1616 1112 1678 semini
1134 1620 1256 1703 majori
1269 1640 1314 1681 aa·

211 1715 280 1773 lore
296 1729 376 1789 opus
393 1723 456 1782 est,
479 1726 574 1786 quam
591 1700 630 1761 ad
643 1702 841 1786 sanguinem.
885 1700 949 1764 Sed
962 1701 1123 1782 usquein
1139 1706 1244 1769 varho
1256 1706 1313 1773 ins-

212 1803 275 1882 φῇς
298 1791 378 1852 mihi
396 1789 579 1865 satisfacio,
604 1801 636 1849 et
659 1788 790 1849 vertisse
812 1806 864 1846 me
884 1782 966 1849 illud
988 1787 1105 1873 potius
1131 1786 1313 1853 adasntsa·

212 1882 307 1955 tiam,
338 1896 431 1957 quam
454 1886 533 1957 puto
554 1872 646 1932 verba
670 1871 803 1948 hahere,
837 1892 931 1954 quam
952 1891 993 1932 ex
1013 1870 1049 1930 vi
1070 1872 1173 1933 verbi
1194 1870 1312 1937 aliunde

213 1963 296 2026 mihi
314 1960 460 2043 cognita,
486 1979 551 2018 non
568 1956 745 2016 dissimula.
774 1957 878 2019 Gasu.
922 1951 1009 2015 Addi
1026 1960 1203 2036 potestati
1218 1960 1312 2021 natio·

178 2073 181 2077 ¹
215 2071 286 2110 nem
307 2043 407 2125 φόνου
426 2064 483 2124 pra
500 2045 655 2125 sanguine
669 2041 748 2103 Plin·
762 2050 820 2120 21,
840 2049 889 2108 16.
904 2060 929 2102 ⁸·
945 2047 996 2108 ⁵6.
1012 2039 1073 2100 ubi
1091 2038 1136 2104 de
1151 2044 1309 2127 scolymo:

215 2132 298 2195 Idem
313 2144 376 2192 erat
391 2126 544 2212 atractylis
558 2149 687 2210 quaque,
712 2128 769 2187 nisi
782 2126 941 2187 candidior
954 2140 1042 2204 eam,
1066 2142 1098 2186 et
1111 2131 1176 2190 nisi
1190 2128 1310 2215 saugui-

216 2240 311 2279 neum
334 2236 461 2275 succum
482 2213 627 2297 funderet.
676 2211 743 2289 Qua
767 2211 908 2273 &caasa
927 2210 1057 2288 phonos
1079 2210 1310 2297 aocataraaai·

218 2300 357 2376 hassiam,
382 2296 471 2360 odore
493 2301 580 2357 etiam
599 2300 710 2378 granis.
740 2297 832 2358 imant
846 2298 878 2356 in
891 2292 1035 2357 Addend.
1080 2296 1225 2383 Dignus
1241 2312 1307 2369 arat¹

218 2388 275 2468 qui
291 2388 504 2457 conferretur,
528 2387 617 2448 iocus
633 2382 730 2441 Uiall.
743 2382 858 2441 Mortt.
874 2380 954 2453 XX,
969 2389 1016 2458 8.,
1040 2376 1120 2460 ubi,
1144 2405 1232 2466 quae
1245 2382 1324 2443 nihi'

218 2470 257 2534 de
274 2471 336 2532 hoc
350 2468 554 2550 Pythagorae
570 2465 721 2526 instituto
744 2465 911 2542 videntur,
936 2465 1080 2546 reposui.
1117 2468 1244 2533 Lanu.

303 2586 414 2651 saal.
432 2590 460 2652 4.
489 2575 737 2662 Ἀθηναίοισι
758 2579 899 2667 νόμος]
923 2584 975 2645 De
988 2581 1050 2643 hac
1066 2583 1312 2651 Atheniensium

218 2670 456 2736 consuetudine
472 2690 528 2751 per
542 2666 630 2727 fabas
649 2670 789 2751 eligendi
809 2670 1011 2747 magistratus
1027 2668 1071 2731 cf.
1086 2668 1235 2757 Xenopla.
1247 2672 1313 2733 Ms-

216 2782 309 2820 morr.
328 2759 353 2825 Ι,
372 2766 401 2837 2,
420 2762 449 2821 9.
467 2771 498 2816 et
515 2750 653 2813 adeundi
670 2756 772 2817 Davis.
790 2753 827 2813 ad
844 2751 940 2816 Max.
956 2752 1027 2837 Tyr.
1043 2760 1099 2831 22,
1115 2763 1147 2823 4.
1165 2774 1201 2821 et
1216 2752 1311 2819 Duker.

217 2842 258 2904 ad
277 2839 409 2923 Thucyd.
430 2841 528 2916 VIII,
553 2844 602 2906 66.
629 2841 748 2920 quique
764 2835 810 2899 ibi
825 2837 1007 2913 laudantur,
1028 2836 1193 2905 Meursius
1213 2841 1311 2905 doda.

217 2928 341 2990 chontt.
361 2926 475 2988 Athen.
493 2926 525 2994 Ι,
543 2930 571 2990 9.
595 2923 705 2984 Petitus
720 2926 819 3010 Legg.
835 2924 902 2988 Aa.
916 2942 950 3007 p.
960 2926 1033 2989 219.
1048 2939 1084 2985 et
1097 2924 1265 3013 Menagias
1277 2920 1311 2987 ad

214 3010 423 3096 Diog.Lai³'rt.
443 3007 541 3087 VIII,
559 3015 610 3076 34.
638 3010 754 3073 Lunna.
932 3012 936 3019 '

300 3110 378 3174 End.
394 3116 416 3172 l.
430 3117 460 3180 5.
490 3106 656 3187 Ἀπόδυθι)
680 3106 729 3171 ld.
755 3108 788 3168 in
811 3106 961 3169 Eunuch.
984 3102 1159 3173 moion.
1178 3108 1221 3175 ad
1240 3110 1311 3177 Sati.

214 3200 270 3262 De
291 3196 373 3258 fabis
388 3196 588 3279 Pythagorae
608 3190 687 3256 Plin.
704 3191 857 3257 Plutarch.
883 3214 1010 3273 omnes,
1031 3190 1168 3263 Lucina.
1210 3197 1310 3260 assint

214 3284 371 3345 rationem
385 3277 522 3341 reddunt
537 3276 582 3345 ὅτι
598 3284 725 3355 αἰδοίοις
739 3282 813 3365 siaha
826 3278 941 3362 ὅμοιοι,
964 3276 1020 3337 alii
1038 3280 1151 3345 aliam.
1185 3218 1309 3345 hauno.

300 3365 377 3428 End.
392 3370 413 3428 l.
431 3375 460 3434 6.
485 3368 648 3447 Xavootic)
670 3366 722 3425 De
743 3362 948 3447 Pythagorae
969 3361 1092 3425 femore
1112 3386 1216 3429 aureo
1235 3364 1309 3429 Pn-

211 3451 295 3538 phyr.
319 3452 359 3512 N.
376 3458 428 3520 28.
450 3465 482 3512 et
507 3464 575 3510 not.
597 3448 687 3532 Diog.
704 3448 806 3512 Lairt.
824 3470 855 3530 p.
871 3455 944 3515 216·
966 3460 999 3508 et
1018 3442 1189 3513 Iamblieln
1207 3448 1251 3513 N.
1263 3454 1307 3517 92·

212 3538 336 3601 Aelian.
355 3538 394 3599 V.
415 3538 455 3595 H.
470 3534 516 3610 II,
532 3540 583 3602 26.
600 3533 782 3617 Apollonias
798 3528 940 3612 Dyscolas
955 3553 982 3594 c.
998 3539 1028 3600 6.
1043 3532 1181 3617 aliique.
1202 3534 1308 3601 Maura.

213 3623 288 3686 ath.
308 3624 375 3682 Att.
390 3615 468 3684 Plus.
487 3620 602 3680 Numa.
635 3619 772 3701 Origenes
786 3623 873 3679 solus
888 3616 1061 3679 eburneum
1074 3614 1177 3701 dixit,
1193 3640 1222 3685 ο.
1234 3616 1306 3683 Gaia.

214 3706 271 3773 VI.
294 3707 421 3771 sonan.
466 3705 520 3766 Cf.¹
532 3703 572 3764 ad
586 3704 686 3770 Diall.
707 3705 824 3767 Mottt.
839 3699 919 3781 XX,
936 3708 968 3772 8.
1004 3700 1129 3768 Lanu.
1331 3734 1336 3749 ·

297 3821 379 3888 Ena.
396 3829 419 3886 l.
438 3832 466 3892 7.
494 3820 588 3900 Θεὸς)
611 3818 739 3883 Alludit
752 3820 791 3884 ad
807 3821 947 3882 carmina
962 3838 1076 3899 aaron,
1098 3842 1188 3907 qm
1198 3820 1304 3908 Pythe-

213 3929 310 3994 garae
322 3915 376 3970 vul
402 3932 420 3969 ο
433 3906 638 3981 tribuuntur,
662 3926 796 3990 quotum
811 3904 875 3968 hoa
886 3904 1055 3968 ultimum

370 3994 492 4060 'Eoosas
505 3986 661 4068 ninivense
675 3989 750 4067 θεὸς
762 3990 912 4077 ἄμβροτος
925 3981 1027 4056 atinias
1036 3986 1170 4075 θνητός.
1248 4034 1252 4041 -

212 4079 267 4142 De
293 4079 410 4163 quibus
439 4084 571 4141 consule
594 4078 714 4141 Fabric·
733 4076 820 4141 Bibl.
844 4076 901 4138 Gr.
927 4078 1004 4145 460·
1033 4072 1204 4143 domilicio.
1220 4075 1300 4139 aaa·

212 4167 340 4247 passim.
364 4167 491 4225 Souna.
