2678 4800
205 399 283 476 040
470 394 1090 458 ‘intronnutoutte¹

140 542 147 549 ’
206 566 298 649 igitur
312 555 411 647 (quia
426 552 651 638 praecedentes
664 562 847 634 paretextua
869 569 928 632 pto
943 546 1039 609 vanie'
1059 550 1178 609 ιοοοοτ
1194 543 1302 609 teedn-

207 650 281 726 xit)
303 663 329 707 et
345 645 524 705 vemaaimum
538 637 673 722 quidem,
696 633 748 696 ced
759 636 879 696 minime
898 633 937 694 ud
950 632 1015 695 illia
1031 630 1166 717 produci
1176 630 1300 695 colitant.

207 735 249 796 Iu
265 727 427 813 Apologia
443 745 500 806 pro
516 744 555 783 eo
571 721 652 781 dicit
665 724 693 783 τί
705 711 763 784 οὖν
776 716 865 796 itte,
889 722 917 783 ei
927 714 1002 800 μήτε
1013 724 1126 793 τοῦτο,
1148 710 1224 798 μήτε
1237 718 1300 781 itici-

210 843 249 883 νο
262 819 356 900 λέγειν
371 818 459 884 δοκεῖ,
481 802 649 871 ὑπόλοιπόν
662 807 739 869 ἐστιν
747 832 757 883 3
780 805 887 867 Giton.
924 802 977 864 Sic
990 803 1146 863 Arrianae
1159 798 1201 861 ad
1212 800 1298 885 Epict.

185 908 188 921 ¹
210 902 275 964 III.
294 921 321 959 c.
337 905 368 964 7.
381 917 411 976 p.
429 901 500 960 260.
513 893 550 952 Β.
572 885 762 965 ὑπολείπεται
777 886 886 952 λοιπὸν
900 900 959 949 eto.
981 885 1114 949 sonna.

284 980 372 1043 *End
389 981 412 1040 l·
430 986 479 1043 10.
502 969 801 1055 Εὖᾶατμονίσοντος)
823 974 922 1034 Antea
942 970 1111 1054 legebatur
1124 964 1299 1051 πνίδαιμονῆ·

213 1092 337 1143 οπντας,
360 1064 470 1147 inepte
486 1080 624 1142 prorsus.
648 1057 721 1122 Vid.
740 1080 767 1119 c.
784 1067 834 1124 11.
856 1058 900 1117 Et
915 1055 1016 1118 Somn
1030 1070 1059 1120 c.
1075 1062 1106 1121 7.
1120 1056 1180 1117 Bia
1196 1054 1297 1117 Acen.

213 1175 241 1216 c.
257 1162 286 1221 8.
332 1150 426 1209 Hanc
446 1143 701 1205 emendationem
725 1164 781 1223 per
803 1163 836 1203 ae
855 1137 1009 1224 liquidam
1029 1138 1136 1200 firmat
1151 1140 1192 1203 V.
1209 1147 1239 1207 1.
1256 1140 1299 1200 Da

212 1234 395 1317 εὖδαιμονέω
407 1229 472 1293 vid.
487 1226 663 1288 Anachars.
678 1250 705 1289 ο.
721 1230 768 1293 10.
792 1225 919 1288 Sonant.
962 1222 1090 1285 Somnii
1103 1228 1215 1285 locum
1230 1224 1299 1284 falco

213 1321 328 1384 citavit
345 1315 483 1378 Solones.
528 1313 588 1371 Eat
604 1315 656 1372 vel
673 1335 699 1371 c.
719 1320 766 1378 12.
785 1314 837 1371 vel
852 1318 899 1377 18.
943 1308 1030 1371 Mira
1051 1322 1162 1369 autem
1183 1326 1299 1392 prorant

214 1421 263 1468 eat
280 1403 387 1465 Soloni
401 1397 654 1482 argumentatio,
677 1396 791 1455 mirum
806 1392 974 1474 judicium.
1020 1391 1132 1474 Quum
1145 1390 1299 1476 dramd-

216 1497 276 1568 ζειν
296 1488 400 1546 active
426 1495 550 1557 constet
570 1480 751 1560 significare
761 1479 888 1563 felicem
907 1476 1100 1561 prdediccre,
1125 1473 1298 1563 adtenuante

215 1595 291 1636 vero
298 1569 423 1659 felicem
437 1592 504 1645 ease,
527 1569 577 1625 vel
582 1564 707 1649 felicem
721 1590 751 1624 sc
764 1562 882 1639 dobere,
907 1559 994 1644 quod
1007 1577 1040 1623 et
1051 1556 1298 1645 εὖδαιμονίζισθον

215 1658 354 1732 dicitur,
385 1674 478 1736 quem
502 1649 629 1734 quidem
656 1671 747 1709 usum
768 1648 865 1711 etiam
885 1667 903 1705 a
923 1646 1063 1715 Lucieno
1080 1665 1245 1727 accurate,
1270 1660 1297 1705 ut

133 1794 147 1815 .,
215 1766 273 1826 per
293 1755 378 1812 etat,
409 1737 607 1798 obaervatum
629 1755 716 1810 esae,
747 1733 810 1815 ipai
832 1732 900 1810 illi,
931 1752 1011 1813 quot
1034 1730 1168 1795 Solitum
1186 1731 1296 1803 attulit.

215 1827 300 1899 loci,
332 1836 365 1885 et
386 1836 548 1902 praeterea
569 1817 662 1877 multi
690 1817 764 1895 alii,
786 1815 842 1900 qui
864 1817 899 1876 in
922 1814 1068 1877 Iudicem
1088 1816 1298 1885 conferentur,

217 1912 295 1972 eatis
307 1910 486 1967 luculenter
499 1916 673 1964 testantur:
696 1902 840 1981 sequitur
856 1898 888 1963 h.
904 1904 925 1959 l.
940 1904 989 1961 vel
1008 1892 1300 1982 εὖὸαιμονισαμίνννς

217 1990 418 2057 scribendum
435 1988 552 2063 fuisse,
576 1993 643 2064 vel,
668 1984 755 2066 quod
769 1985 914 2069 plerique
926 1983 1000 2044 libri
1013 1983 1151 2065 hebent,
1177 1986 1299 2071 trideron-

216 2077 375 2160 νήσαντος.
420 2071 643 2155 Nihilominus
666 2069 816 2145 Reitzius,
844 2068 994 2131 seductus
1015 2089 1032 2127 a
1056 2069 1188 2152 Solone,
1218 2086 1297 2135 etta·

219 2163 377 2225 centioree
391 2156 514 2233 Editt.,
531 2154 679 2218 aReitzio
694 2155 829 2233 seducti,
838 2150 1105 2237 circumvenerim
1118 2168 1297 2241 receperunt.

216 2249 338 2311 Lnnu.

302 2328 380 2392 Eud.
393 2333 416 2388 l.
436 2331 485 2396 15.
510 2329 712 2408 Ποίυτελῶν)
734 2326 784 2387 An
798 2330 1011 2403 ποίοτείειοῖνς
1031 2325 1143 2388 Baon.

305 2416 380 2496 Peg.
394 2420 467 2482 239.
481 2415 503 2471 l·
520 2420 548 2478 2.
563 2410 726 2494 ’Ἑντεχνοτ
738 2414 788 2477 καί
801 2413 960 2496 τρίβωνες)
982 2411 1057 2471 Ηοο
1072 2410 1173 2476 habet
1186 2434 1227 2477 ex
1239 2410 1296 2476 Ari·

218 2501 352 2585 stophen.
368 2502 506 2579 σημαίνει
521 2498 552 2562 δὲ
567 2521 623 2576 per
637 2497 813 2560 dictionem
826 2501 978 2575 τρίβωνες,
998 2490 1072 2571 νοτίς
1083 2496 1298 2607 ἒγγεννμνιτί·

218 2612 295 2661 νοος
309 2585 370 2647 τινί
384 2581 447 2663 rioci
467 2606 544 2661 ματι.
566 2585 700 2644 Bonan.
742 2582 814 2642 MS.
833 2583 904 2643 Vnt.
921 2590 950 2648 1.
974 2579 1095 2662 ἄτεχνοι
1102 2622 1113 2654 ,
1132 2582 1228 2665 ¹qtiod
1249 2604 1298 2647 nrt·

218 2695 290 2736 πνοι
304 2665 389 2726 haud
405 2609 501 2726 duiiie
517 2686 584 2727 ease
598 2667 760 2747 oportuit,
784 2687 879 2726 aenau
893 2664 1021 2748 eodem,
1044 2668 1113 2747 q'uo
1133 2687 1228 2749 cupre
1241 2686 1298 2729 tte·

218 2752 293 2837 pina
318 2753 352 2811 iu
375 2749 748 2831 Diuturnae-vidimus,
770 2767 808 2811 ut
825 2750 884 2814 VI.
903 2765 964 2813 eto.
994 2750 1124 2813 Sum.
1167 2752 1210 2814 In
1228 2752 1298 2813 niu

217 2851 312 2900 mort.
332 2836 389 2897 v1.
415 2832 562 2915 adquam
582 2835 710 2899 Solones
726 2835 879 2911 remittit,
902 2841 932 2913 0.
949 2843 981 2904 8.
1004 2830 1170 2901 ir'caavoeet
1183 2838 1298 2903 hnmana

219 2920 349 3005 quidem
368 2920 526 2994 occurrit;
551 2920 605 2981 aed
628 2919 705 3004 quid
726 2920 788 2982 hoo
812 2917 852 2980 ad
872 2919 961 2982 huno
981 2919 1120 2982 locum?¹
1137 2920 1211 2985 Neo
1231 2920 1297 2984 cuin

165 3058 170 3064 .
219 3005 268 3068 ibi
288 3005 415 3066 varians
434 3005 532 3066 lectio
555 3021 603 3066 eet
627 3019 737 3064 notata
757 3007 841 3074 ulla,
864 3025 924 3067 neo
949 3023 1030 3086 oput
1050 3016 1115 3067 eat:
1140 3006 1299 3069 etlicetu

218 3086 286 3154 Ma.
301 3089 376 3152 Vat.
399 3088 534 3165 ἄτεκνοι,
559 3089 714 3172 conjicias
736 3089 827 3150 illum
844 3086 985 3151 voluiete
1003 3085 1124 3171 ίίτοχνοι
1142 3088 1237 3167 dare,
1255 3109 1301 3151 ut·

219 3196 281 3260 que
295 3188 399 3235 tamen
413 3173 475 3234 hoc
488 3173 637 3259 quadrat,
663 3194 733 3233 oum
748 3177 878 3256 intexant
893 3172 1027 3254 probum
1041 3174 1103 3250 eit,
1128 3189 1162 3238 et
1176 3194 1300 3261 aequet·

218 3259 246 3319 ti
263 3258 359 3320 verbo
375 3262 518 3339 τρίβωνες
535 3260 745 3334 convenient,
769 3257 856 3340 quod
873 3257 1040 3331 οτίονετοπι,
1061 3262 1193 3341 peritum
1218 3262 1244 3321 ai
1282 3257 1301 3317 i·

218 3340 313 3419 ficet,
336 3357 373 3402 ut
388 3342 546 3405 Scholiast.
561 3341 680 3405 innuit.
703 3344 857 3425 Aristoplr.
879 3364 971 3425 quern
984 3343 1065 3402 citat
1079 3342 1155 3425 itte,
1180 3346 1216 3406 in
1230 3280 1302 3409 iiii.

219 3435 291 3496 867.
307 3434 379 3496 868.
403 3449 460 3507 pro
475 3429 612 3504 adsueto,
638 3432 689 3490 vel
703 3452 768 3488 cum
783 3426 916 3489 molestia
930 3442 1051 3509 experto
1067 3425 1237 3510 adhibuit,
1249 3448 1305 3490 'uu-

220 3510 259 3572 de
276 3528 381 3571 temen
398 3534 463 3570 uon
480 3526 682 3594 sequeretur,
705 3511 738 3572 id
759 3511 902 3574 callidum
924 3510 1125 3594 significate,
1150 3514 1190 3576 οἱ
1211 3512 1305 3578 verrio

217 3596 362 3656 Parisino
383 3596 493 3670 habet,
519 3599 621 3657 inesse
642 3610 746 3657 tamen
771 3616 839 3658 earn
862 3596 924 3656 vim
947 3594 1038 3670 voci,
1049 3596 1161 3660 -etian
1176 3620 1220 3661 cx
1233 3618 1306 3661 con·

218 3681 327 3761 ponito
343 3683 512 3760 ίπίτριπτος
527 3696 631 3762 patet,
655 3682 694 3742 de
711 3701 775 3763 quo
790 3679 857 3744 vid.
874 3680 984 3762 Sponh.
999 3676 1039 3739 ad
1052 3680 1163 3743 Ariete
1184 3684 1216 3747 Ιι.
1231 3685 1309 3747 Prun-

218 3770 291 3831 275.
313 3762 375 3840 Ὣς
392 3765 499 3845 σεμνὰς
516 3765 727 3846 diminuentur,
748 3788 838 3850 quom
860 3768 935 3826 aerio
950 3763 1034 3825 vultu
1052 3764 1128 3828 doec
1233 3782 1307 3842 vett-

218 3865 308 3909 rotor.
352 3850 466 3930 Ibique
484 3873 523 3912 ex
542 3851 634 3934 Soph.
656 3853 707 3934 Aj.
722 3859 793 3918 104.
824 3853 996 3933 ἐπίτριπτον
1010 3852 1153 3925 κίναδος,
1183 3848 1307 3923 milido,

217 3932 357 4010 scelesto,
380 3935 548 4017 vulpecula,-
571 3958 674 4018 eoque
688 3950 782 4016 putat
796 3934 971 4018 respexiaae
983 3934 1170 3997 Andociden
1182 3932 1306 3999 Orati

219 4038 250 4098 p·
267 4027 337 4084 222.
363 4009 389 4084 oi
405 4019 582 4100 συκοφάντα
599 4024 649 4086 καί
669 4023 841 4100 ἐπίτριπτον
861 4022 995 4093 πίνοίίος.
1027 4018 1180 4081 θίτοτιίοο
1195 4021 1306 4083 Arute-

215 4102 325 4186 pdonia
350 4104 445 4166 verba
473 4107 586 4184 vertit,
617 4105 854 4168 comminuendae
875 4120 908 4167 et
927 4102 1115 4186 perdendus,
1145 4108 1202 4167 vol
1220 4099 1305 4165 trinit

218 4188 349 4272 proprie
365 4186 406 4250 ud
421 4189 552 4252 verbum
564 4194 656 4279 τρίβο
671 4190 844 4275 reapicicna
851 4234 862 4272 ,
885 4194 939 4254 vel
951 4189 1030 4275 quie
1042 4186 1210 4265 injaodem
1222 4204 1305 4255 vem
