2678 4800
210 345 285 419 686
477 339 1111 417 nouora‘zrroucs,

371 505 509 589 Ἐχθροδν
526 503 627 582 ἄδωρα
645 509 744 584 δῶρα,
767 498 844 568 notia
863 501 1001 587 desimus.
1334 568 1336 573 ,

213 595 344 659 Scilicet
359 589 461 671 ἄδωρα
476 597 557 667 δῶρα
576 590 726 648 dixerunt
743 590 855 650 Graeci
874 589 913 648 ed
929 586 1142 652 denotandam
1159 591 1295 655 donantis

214 682 373 740 vafritiem
391 693 422 737 et
437 678 564 755 impiam
581 675 803 754 fraudemque
822 675 1018 755 perspeciem
1038 674 1188 737 beneficii
1204 702 1296 757 queu-

213 768 297 844 piam
316 763 438 822 irretiat
453 775 483 819 et
502 760 593 840 quasi
611 761 696 819 visco
717 760 834 839 capiet.
878 762 931 818 Sic
948 762 1098 820 Laocoon
1116 763 1202 844 apud
1223 764 1295 844 Virg.

212 852 258 910 ΙΙ.
283 850 362 910 Aen.

866 963 909 978 -
929 925 995 989 nlla
1013 933 1128 1011 putatis

376 1017 466 1077 Dono
485 1039 581 1075 cerere
603 1013 680 1074 dolis
693 1012 857 1075 Donurim?
877 1049 936 1061 ..,

213 1107 263 1166 Ita
280 1104 388 1165 Venus
403 1104 434 1156 in
453 1101 641 1158 suavissimo
656 1112 685 1157 et
702 1121 772 1155 curn
788 1099 947 1156 suavitate
962 1097 1063 1176 ipsius
1082 1098 1241 1184 Κύπριδος
1253 1130 1298 1183 φι-

212 1188 350 1267 λάματος,
376 1185 496 1245 Veneris
509 1184 611 1257 osculi,
636 1181 720 1264 quod
738 1183 783 1241 ibi
800 1181 940 1257 offertur,
960 1198 1099 1243 certante
1119 1190 1242 1249 Moschi
1257 1190 1298 1248 Ei.

215 1273 333 1354 dyllio,
359 1268 444 1373 quod
470 1269 654 1325 inscribitur
672 1263 770 1342 Ἔρως
789 1268 951 1348 δραπέτης,
973 1268 1072 1328 Amor
1082 1270 1248 1353 fugitivus,

378 1350 435 1416 Ἢν
449 1354 480 1416 δὲ
496 1355 563 1437 λέγρ
586 1347 699 1435 (Ἔρως
716 1352 808 1429 scil.)
827 1349 912 1433 Λάβε
928 1358 1036 1427 ταῦτα,
1061 1366 1222 1440 χαριζομαι
1238 1354 1297 1422 ὅσσα

994 1462 1046 1516 μοι
1066 1436 1160 1513 ὅπλα,

379 1512 465 1601 Mica
479 1525 577 1607 θίγῃς,
600 1519 699 1583 nititur
714 1525 805 1602 δῶρα·
828 1517 864 1582 cd
879 1519 936 1604 γᾶρ
950 1524 1023 1601 πυρὶ
1039 1521 1140 1587 πάντα
1155 1528 1297 1607 βέβαπται.

213 1613 306 1677 June.
342 1604 481 1687 Ἄδωρα)
505 1607 541 1663 In
570 1605 756 1684 quibusdam
775 1604 875 1663 Codd.
904 1602 1006 1687 ἄδωρα
1024 1607 1167 1669 inveniri
1186 1627 1303 1677 testam,
1330 1646 1336 1671 r

212 1713 265 1756 tur
283 1694 387 1754 Galoei
404 1694 622 1764 Coltectanea,
647 1711 725 1771 quae
748 1690 841 1748 etiam
863 1688 949 1770 ἄωρα
962 1706 1149 1768 memorant,
1174 1711 1208 1755 et
1221 1694 1298 1756 resti-

213 1795 280 1837 tuta
299 1776 473 1859 Sophoclem
490 1778 571 1854 ejus,
597 1796 685 1852 (quam
702 1776 878 1855 sequimur,
902 1776 1051 1835 lectionis
1065 1792 1232 1840 auctorem
1244 1785 1300 1840 lan·

213 1864 299 1923 dant.
343 1856 453 1921 Locus
469 1856 625 1939 Sophoclis
642 1860 765 1939 integer
782 1858 828 1916 sic
846 1859 976 1939 habet:¹

373 1939 450 2007 'Au'
472 1941 532 2006 ἔστ’
552 1937 670 2022 ἄδηθής
691 1938 710 2022 ἦ
728 1949 844 2024 βροτῶν
858 1947 1016 2026 παροιμία,

373 2025 512 2110 'exeam
529 2026 632 2107 ἄδωρα
654 2033 733 2105 δῶρα
757 2022 786 2090 κ’
805 2025 861 2091 otia
882 2023 1020 2112 ὀνήσιμα.

211 2117 261 2177 Μ.
284 2118 442 2192 vulgatam
457 2113 593 2174 exhibet.
618 2111 746 2172 Socan.
792 2113 843 2171 Ex
854 2113 983 2172 Latinis
1000 2119 1159 2192 permulta
1174 2120 1299 2196 ejusmo-

213 2202 246 2259 di
263 2220 426 2277 oxymora,
443 2212 487 2269 ut,
504 2196 662 2256 concordio
678 2195 800 2271 discors,
816 2201 963 2257 insaniens
977 2203 1134 2280 sapientia,
1148 2200 1299 2263 ‹irridente-

212 2285 282 2360 lnm,
302 2300 417 2343 strenua
431 2285 611 2341 incr-timete.
630 2282 744 2355 collegi
764 2284 794 2335 in
809 2282 915 2341 libello
928 2286 966 2340 de
983 2285 1107 2364 Arnbig.
1122 2301 1297 2347 etcouttat.
1327 2356 1330 2365 ρ

210 2365 601 2439 Tit..At)JeC‘t'11s't]M‚
626 2380 655 2423 et
674 2363 934 2426 OXYMORON.
958 2368 1079 2425 Κοινῇ.
1129 2368 1305 2431 θοίῖίαοῐο·

210 2453 311 2512 tinuit
331 2456 492 2532 vulgatum
510 2449 603 2527 ἄωρα.
650 2450 689 2505 At
710 2449 903 2530 Sophocleum
919 2453 1006 2509 illum
1028 2455 1139 2513 locum
1156 2459 1306 2536 (etjam.-

210 2543 305 2613 675.)
327 2536 459 2613 respici,
486 2535 657 2592 manifesto
683 2534 825 2592 ostendit
844 2558 906 2593 vox
926 2531 1075 2614 aindoma,
1113 2538 1301 2618 respondens

211 2620 407 2699 Sophocleae
423 2614 478 2680 οὖν
496 2611 631 2696 ὀνήσιμα.
661 2616 756 2697 Quod
774 2621 800 2676 si
817 2621 859 2678 ita
874 2633 938 2690 eat,
960 2618 1046 2701 ἄωρα
1062 2624 1148 2701 δοῖρα
1163 2643 1231 2682 noo
1246 2646 1301 2683 am·

209 2705 295 2788 plius
310 2723 343 2761 se
359 2703 440 2760 tueri
459 2720 601 2778 possunt,
619 2700 716 2776 idque
730 2716 820 2763 tanto
838 2706 953 2780 minus,
973 2727 1068 2785 quum
1085 2701 1206 2787 ἄδωρα,
1232 2724 1302 2787 quat

210 2786 338 2871 quidem
355 2786 486 2846 Brodaei
501 2793 593 2866 juxta
611 2808 646 2844 ac
662 2784 802 2847 Gronovii
813 2794 995 2870 conjectura
1010 2804 1068 2855 est.
1088 2791 1187 2851 etiam
1207 2790 1302 2854 Geirei

209 2873 422 2933 Collectaneis
440 2871 651 2932 confirmetur.
698 2872 830 2950 Optimo
847 2874 954 2955 itaque
970 2877 1038 2954 jure
1053 2872 1193 2937 Reitaiua
1206 2876 1301 2957 ἄδωρα

208 2959 346 3036 recepit,
379 2957 634 3037 recentioresque
657 2972 782 3037 praeter
805 2956 937 3018 Gnidiam
962 2978 1070 3018 omues
1092 2962 1202 3021 secuti
1225 2973 1299 3024 aunt.

206 3043 325 3105 Laura.
1225 3076 1233 3083 -

291 3127 368 3189 Eae.
385 3131 404 3189 l.
422 3133 450 3192 2.
476 3126 536 3189 Καὶ
552 3117 705 3204 ἄνόνητα)
729 3128 775 3185 Ex
789 3110 937 3207 Sophocle
949 3122 983 3187 in
992 3127 1299 3217 AjaceMaatigoph.

202 3209 343 3296 Ἐχθρών
359 3208 462 3288 ἄδωρα
478 3214 561 3287 drino
574 3205 604 3271 κ’
623 3206 680 3273 otia
698 3205 840 3290 ὀνήσιμα.
864 3213 972 3271 Biton.

291 3297 369 3357 End.
385 3300 403 3359 1.
419 3300 449 3362 5.
477 3293 561 3373 Πρός
583 3293 638 3374 τὴν
661 3300 828 3379 θεραπείαν
851 3293 995 3371 σκάζοντα
1012 3299 1063 3361 καὶ
1084 3293 1301 3383 ἄαρυδηκὸςα)

204 3382 399 3445 Incredibile
416 3381 479 3456 est',
504 3380 559 3437 has
579 3401 689 3452 voces,
715 3380 861 3460 inprimis
881 3396 1085 3460 postremam,
1112 3387 1162 3445 sic
1179 3388 1220 3445 ab
1234 3387 1300 3449 taxi·

204 3469 277 3528 miis
300 3468 365 3524 illis
389 3465 466 3523 viris
488 3464 569 3522 verti
595 3466 755 3541 potuisse:
788 3464 829 3522 ari
849 3469 951 3524 munio
968 3466 1147 3551 stimulatas
1170 3470 1302 3531 obeunda

205 3553 420 3614 claudicantem
436 3566 463 3608 et
475 3546 684 3609 obaudientem.
717 3547 803 3630 Quid
820 3570 876 3608 oro
890 3549 972 3609 illud
990 3552 1061 3612 est?
1088 3552 1214 3635 Utique
1230 3556 1301 3615 talia

205 3658 269 3696 non
288 3639 401 3697 decent
415 3640 554 3693 seculum
573 3650 730 3707 nostrum,
756 3654 814 3691 nec
830 3632 913 3693 hanc
926 3635 1198 3703 emendationem.
1222 3638 1300 3723 Quia

205 3720 348 3804 ignorat,
373 3715 514 3803 ἄπααδρῖν
530 3738 596 3778 esse
613 3718 747 3790 collabi,
773 3716 930 3779 deficere?
962 3720 1068 3782 Gnou.
1143 3736 1151 3749 “

287 3805 362 3869 Eae.
380 3809 399 3867 1.
416 3812 447 3869 7.
461 3801 555 3877 Ὅπερ
570 3792 608 3878 ἦν
626 3799 844 3883 νοστιμώτατον
860 3804 891 3866 ἕν
909 3806 977 3881 σοὶ)
1001 3806 1089 3865 Haec
1103 3806 1149 3867 ita
1167 3805 1299 3893 legenda

203 3905 289 3951 sunt.
313 3892 422 3950 Enoo.
467 3890 620 3949 Lucienus
641 3909 735 3965 porro
759 3892 960 3947 accumulans
983 3903 1015 3949 et
1029 3910 1228 3974 exaggerans
1246 3892 1300 3952 mi·

201 3975 421 4058 serias,‚quae
437 3995 505 4031 cum
527 3994 581 4050 per
596 3985 697 4029 totum
717 3973 1036 4054 convictustempua,
1060 3989 1129 4035 tum
1148 3974 1299 4059 denique,

201 4059 257 4118 ubi
283 4057 493 4118 dimittendus
522 4058 581 4130 sit,
614 4055 815 4114 Conductum
844 4074 1008 4135 maneant,
1037 4060 1102 4139 ait,
1135 4058 1303 4123 dominum

201 4143 351 4206 secundis
373 4142 504 4202 auribus
523 4140 705 4218 admittere,
728 4141 756 4200 ai
778 4140 850 4224 quis
867 4140 1072 4205 Conductum
1089 4144 1179 4228 apud
1205 4166 1240 4209 ae
1253 4166 1299 4207 ca·
