2678 4800
183 382 190 410 Ι

257 495 262 503 ,
336 431 452 481 runa
475 424 650 482 munerun
676 427 887 479 conuocare.
1080 412 1182 486 atr.

145 575 221 637 Emi.
236 581 257 640 l.
275 583 305 643 6.
329 578 569 660 Πεπιπωμὲνων
589 575 626 641 cci
643 553 749 659 piritu)
771 574 1014 645 Athen.lib.12.
1032 558 1153 660 Alexis,
1186 536 1194 545 ⁸

58 686 101 724 ex
121 682 185 744 quo
203 660 341 721 Lucian.
356 661 524 740 hocloco,
548 676 585 722 ut
603 675 691 743 patet
713 672 842 742 posteat
966 678 1013 705 -’
1088 676 1093 683 ’

220 740 319 848 ‘Oppia
331 746 362 810 di
373 743 647 827 arrroaaaariprvav
661 741 742 827 τὶνῆ

225 829 269 897 Ea
333 857 411 898 ενον.
1008 876 1013 893 .

55 913 141 976 Dixi
157 911 196 972 ad
211 855 422 980 irruitii’erroa.
446 915 657 977 Salamanrlra.
704 913 757 977 Sic
770 912 933 998 pag.·554.‘
943 913 999 975 ubi
1014 911 1152 998 pessime

55 1002 187 1078 interpr.
204 999 255 1081 qui
274 1022 360 1058 crura
381 1016 529 1083 totumque
552 1024 656 1082 corpas
677 1015 819 1080 unguento
834 1000 966 1061 solebant
982 1022 1149 1085 perungere.

54 1097 159 1156 verte,
177 1095 213 1140 ut
228 1081 281 1140 hic
294 1081 409 1146 Erasm.
431 1085 564 1147 Bouno.
608 1085 706 1151 lubet
720 1083 927 1144 Bourdelotius
939 1105 1009 1142 cum
1024 1083 1153 1149 Ενιιιιιιοι

54 1181 201 1238 vertere.
217 1169 326 1246 picatis
339 1168 490 1247 cruribus3
512 1181 543 1226 et
559 1189 629 1241 nos,
647 1171 786 1243 utsolet,
802 1165 840 1226 ad
855 1167 1024 1242 Petronium
1038 1189 1150 1236 aman·

55 1253 120 1311 dat.
164 1250 236 1331 Ego
257 1270 349 1326 vero,
373 1253 424 1310 cui
439 1251 626 1312 Bourdelotii
637 1253 789 1312 Petronius
804 1249 843 1310 ad
863 1273 989 1330 manum
1005 1272 1070 1311 non
1087 1266 1155 1329 εις

54 1351 126 1404 aut.
151 1333 178 1391 ai
193 1345 290 1410 esset,
314 1334 370 1411 vix
389 1349 491 1394 totum
509 1340 703 1412 evolverem,
726 1349 762 1395 ut
778 1357 840 1395 rem
856 1336 1013 1394 tantillam
1029 1336 1148 1419 anquis

53 1439 172 1491 rerem,
200 1421 300 1490 malo,
332 1416 468 1501 depilatis
489 1420 638 1482 cruribus:
669 1441 734 1478 non
757 1419 840 1477 enim
863 1419 978 1498 picatis
1000 1419 1145 1482 cruribus
1182 1446 1196 1499 j

55 1507 141 1562 foras
158 1499 251 1560 credo
267 1502 452 1581 prodituros
463 1503 549 1576 ;·sed
568 1502 655 1562 dorni
670 1517 706 1561 ut
717 1502 894 1584 depilarent
909 1501 1144 1586 dropace.qrrao

53 1611 92 1648 ex
116 1585 188 1666 pice
211 1588 338 1659 et‚oleo
358 1587 540 1662 constabat,
562 1591 672 1647 molles
697 1588 752 1648 isti
774 1585 953 1646 utebantur.
999 1586 1086 1645 Hinc
1104 1586 1142 1648 'in

51 1694 118 1734 cam
133 1690 197 1728 rem
218 1684 420 1751 usurpatum,
447 1670 533 1753 quod
555 1673 589 1730 in
605 1673 794 1732 Demonaot.
809 1675 881 1732 loca
899 1669 936 1730 ab
954 1690 992 1731 eo
1009 1667 1141 1731 laudato

50 1763 94 1834 (c,
110 1760 177 1830 50.)
193 1754 326 1834 legitur.
351 1759 611 1837 δρωιιννισθῆναι.
658 1757 707 1819 cf.
722 1753 817 1816 Rhet.
832 1777 858 1817 c.
877 1763 926 1823 23.
958 1755 1085 1834 Sanan.

134 1836 212 1898 Ead-
228 1841 249 1896 l·
264 1844 293 1902 7·
317 1839 376 1902 Arai
391 1849 477 1924 τιμῆς
490 1842 522 1905 di
537 1838 628 1904 odida
648 1874 691 1888 ·-
713 1831 786 1922 ἦγε)
809 1839 1017 1920 Nequaquam
1040 1832 1142 1918 signi.

52 1925 124 1983 ficet
139 1919 190 1985 daci
206 1929 293 2002 τιμῆς
310 1921 392 2006 ἄγειν
407 1926 489 2003 τινὰ,
512 1927 629 1987 honoris
643 1928 743 2006 gratia
760 1922 886 2007 aliquem
907 1938 1003 1983 se'crrm
1019 1921 1138 1999 ducere,
1229 1926 1252 2000 ‘⁴

48 2010 99 2066 nti
125 2007 255 2088 putavit
278 2007 449 2087 interpres,
474 2012 574 2089 (edit.
598 2011 669 2070 Par.
690 2023 721 2069 et
746 2008 862 2086 Salar.)
886 2006 939 2068 sed
959 2007 1086 2089 aliquem
1107 2009 1148 2070 ia.

48 2095 303 2195 lionoreetpretio
319 2093 438 2169 tabere,
464 2095 593 2157 calereet
608 2095 759 2155 honorare.
805 2089 1078 2173 Quemadmodum
1095 2084 1139 2152 δι’

47 2180 181 2240 ἐπαίνων
196 2173 277 2259 ἄγειν
291 2178 376 2255 apud
389 2181 509 2241 Aeliae.
523 2181 609 2238 tltst.
624 2179 683 2240 An.
701 2177 795 2253 XIV,
815 2185 863 2243 29.
886 2177 1050 2237 Vrrnrue.
1082 2171 1136 2237 cf.

47 2263 153 2321 Prom.
171 2261 202 2316 in
222 2260 333 2322 Verbb.
352 2285 377 2322 c.
397 2272 425 2329 4.
443 2280 473 2324 et
488 2265 597 2345 Fugit.
611 2284 636 2320 c.
653 2271 682 2328 3.
705 2264 822 2321 Lnrrnr.

133 2343 208 2404 Εαίῑ.
222 2348 242 2408 l.
260 2351 288 2410 9.
313 2344 491 2412 Χελιδόνιον
511 2349 567 2431 γὰρ
583 2353 764 2420 tatanem)
788 2347 840 2405 Sic
858 2345 1044 2426 Cleopatrae
1064 2343 1149 2410 cin·v
1234 2372 1237 2391 ι

47 2428 147 2490 aedos
165 2430 304 2493 Χελιδών.
330 2433 440 2493 Srrirlas
456 2435 488 2491 in
510 2436 646 2498 illicita.
668 2433 824 2490 Mancre.

132 2512 208 2572 Eud*
223 2518 244 2574 l·
260 2523 309 2579 12.
336 2521 629 2599 Παρακαθίζεσθαι)
651 2517 704 2578 W.
721 2518 753 2576 P.
769 2517 807 2575 L.
826 2530 857 2577 et
870 2513 919 2577 ed:
937 2513 1019 2574 Junr.
1041 2510 1081 2571 Iu
1092 2531 1137 2572 ro·

43 2599 146 2681 liquis
163 2602 436 2680 παρακαθέζεσθαι.
460 2603 585 2663 Sanan.
1220 2662 1223 2667 ,

132 2681 209 2746 Eat.
222 2687 242 2740 l.
259 2692 305 2752 13.
329 2687 613 2769 Διασεσαλευμένον)
636 2686 688 2746 Sic
702 2686 815 2747 iterum
828 2682 1015 2746 iufraRhet.
1030 2680 1138 2743 Prien·
1216 2752 1222 2787 ι

46 2791 74 2830 e.
93 2774 144 2835 11.
169 2768 294 2830 Soura.
1195 2810 1203 2829 -.

131 2850 210 2917 Emi.
228 2857 249 2912 l·
268 2861 316 2921 16.
341 2853 518 2938 Δεηθῆναι)
541 2855 668 2936 Absque
682 2853 837 2913 Codicum
854 2875 913 2932 ope
927 2854 1010 2912 hanc
1026 2871 1137 2912 vocem

47 2936 216 2998 emendare
229 2940 318 2996 nolui
327 2986 337 3014 ,
361 2940 414 3000 sed
434 2957 611 3020 corruptam
628 2961 710 3013 esse,
735 2939 838 2996 cuivis
859 2939 1061 2996 manifestum
1078 2947 1137 2995 est.

47 3023 174 3083 somn.
219 3020 349 3104 Arlane
366 3018 462 3086 stricari
478 3025 508 3082 in
524 3047 581 3082 suo
596 3022 766 3100 exemplari
790 3021 915 3105 legebat
928 3019 1021 3081 Brod.
1038 3018 1137 3078 Misc'.

20 3140 26 3147 ·
47 3106 115 3179 IX,
134 3114 182 3173 13.
199 3128 269 3189 pag.
284 3115 335 3173 67.
380 3111 423 3168 Et
440 3109 595 3190 corrigere
612 3107 739 3186 jubebat
757 3105 868 3186 laistida
891 3104 999 3168 αὐτοῦ·
1022 3101 1137 3162 merito

47 3189 195 3274 quidem;
220 3214 413 3252 verumcum
432 3215 490 3276 ego
513 3199 657 3273 δεηθῆναι
674 3205 855 3250 constanter
875 3190 1024 3270 scriptum
1043 3185 1141 3244 inve-

48 3275 161 3349 nerim,
187 3277 246 3333 ista
261 3277 483 3336 emendatione
494 3280 553 3356 jam
571 3275 655 3334 nihil
670 3296 751 3355 opus
765 3296 831 3336 ease
845 3274 990 3334 arbitror.
1013 3271 1139 3339 Rama.

48 3356 126 3422 Viti.
145 3357 183 3417 ad
199 3359 321 3440 Catapl.
339 3385 365 3423 c.
383 3371 429 3427 11,
452 3363 570 3420 Latrat.

132 3443 161 3503 P
159 3467 206 3524 ag·
221 3451 292 3511 273.
306 3449 326 3504 l.
341 3454 369 3510 2.
398 3450 611 3527 Τερετίζοντος)
632 3445 685 3504 Sic
700 3440 910 3517 scribendum,
932 3462 1010 3516 noo,
1025 3441 1141 3500 utvul·

47 3549 91 3611 go
106 3526 162 3600 fit,
187 3526 310 3607 duplici
325 3557 348 3592 r.
368 3531 419 3588 Sic
435 3532 527 3589 etiarn
545 3533 696 3610 scriptum
715 3532 747 3586 in
763 3528 819 3587 W.
839 3525 920 3589 Cod.
944 3527 1071 3586 Sanan.

135 3611 212 3672 Ead-
232 3619 252 3673 l.
268 3621 297 3678 4.
323 3611 431 3699 Αὐτῷ)
452 3617 573 3689 Forsan
590 3635 698 3674 rursus
713 3611 795 3700 adipi
805 3603 972 3693 ligandum
991 3609 1062 3692 quis
1077 3627 1142 3684 ma-

49 3697 109 3773 lit,
132 3710 168 3754 ut
183 3719 275 3774 saepe
292 3699 385 3759 alibi:
410 3715 593 3758 nontamen
611 3698 750 3773 mutavi,
775 3696 849 3779 quia
865 3694 920 3754 lric
941 3714 1005 3754 non
1030 3711 1144 3753 necet·

51 3781 169 3839 sarium
189 3781 375 3860 videbatur,
397 3784 471 3843 licet
493 3784 612 3842 Latine
635 3798 720 3842 recte
741 3796 882 3841 vertatur
901 3781 974 3858 sidi3
997 3799 1069 3837 nam
1088 3784 1170 3837 aeax

54 3867 167 3945 quitur
183 3888 256 3923 mox
274 3861 367 3930 adada
386 3865 423 3928 de
445 3867 552 3927 eadem
577 3887 726 3949 perrona,
760 3864 844 3947 quod
865 3880 949 3924 recte
972 3882 1005 3923 ae
1027 3860 1142 3937 habet,

55 3951 130 4029 quia
148 3950 216 4030 ipse
237 3955 369 4031 loquens
394 3974 458 4011 non
475 3951 594 4011 directe
613 3949 798 4031 inducitur,
821 3947 875 4009 sed
891 3949 1143 4031 aliuslejualoco

57 4049 172 4098 narrat.
216 4036 433 4116 Sapientisat.
457 4038 580 4094 Rurrz.
1032 4030 1040 4057 ³

140 4117 216 4182 Eud.
228 4122 248 4177 l·
267 4128 296 4186 6.
323 4119 427 4194 Οὕτως
441 4118 546 4196 dvala)
571 4119 624 4183 Sic
636 4144 773 4203 prospere
785 4118 840 4179 tibi
851 4122 1021 4203 contingant
1035 4117 1145 4190 amaia,

56 4206 99 4267 sic
114 4219 140 4263 tc
152 4205 207 4264 Dii
220 4203 288 4267 deae
299 4205 444 4289 adjuverit.
465 4206 573 4268 Brun.
617 4203 704 4268 idem
718 4205 852 4266 Icarum.
865 4216 897 4266 at
912 4204 1001 4268 alibi.
1024 4200 1069 4262 Et
1085 4199 1149 4299 Li:
