2678 4800
195 386 269 461 ΜΒ
458 387 1027 447 enrorirtones

195 546 380 619 nriltarttctts
394 539 542 627 equidem
559 540 593 599 in
607 537 671 599 hoc
690 535 849 599 vocabulo
869 541 996 600 nullutn
1010 534 1223 621 deprehendo
1246 562 1293 604 ve-

195 639 339 727 stigium.
361 628 531 692 Restiterit
546 624 657 708 igitur,
681 637 718 683 ut
731 624 885 704 physicae
893 623 1030 697 ¹notioni
1042 630 1203 686 senectutis
1216 649 1293 688 men·
1327 636 1330 713 t

196 742 229 788 η
260 722 469 803 adjungamus
492 713 641 771 moralem
664 713 791 768 astutiae
816 724 848 769 et
867 710 1026 786 versutiae,
1065 711 1176 771 veluti
1198 712 1291 771 Diali.

193 812 295 879 Deor.
314 804 365 875 ΙΙ,
385 809 411 865 1.
434 793 563 877 Cupido
580 814 659 874 puer
674 814 691 851 tt
704 794 786 856 Jove
803 792 922 853 dicitur
936 794 1033 892 pipere
1053 796 1108 857 stoi
1120 802 1290 881 πανοῦργος

195 895 249 961 civ·
293 889 346 951 Sic
363 880 535 944 occurrerit
547 879 671 961 legenti
691 878 810 937 amicus
826 876 970 953 domini,
993 878 1138 962 ejusdem
1161 903 1234 940 cunr
1251 882 1289 963 ip·

196 1001 232 1040 so
250 988 282 1036 et
297 967 470 1033 senectutis
483 977 515 1024 et
528 963 704 1040 versutiae3
727 984 794 1021 non
808 967 896 1023 mele.
941 966 1129 1042 Atnonne,
1154 966 1287 1037 obsecro,
1328 1020 1330 1027 ,

195 1062 281 1124 idem
296 1057 378 1129 hoc,
402 1050 499 1135 idque
518 1052 615 1130 longe
631 1046 800 1107 venustius
815 1062 848 1108 et
861 1049 990 1123 salsius,
1012 1048 1221 1131 significatur
1239 1070 1288 1111 vo·

197 1167 234 1209 ce
255 1136 427 1205 Homerica
448 1131 624 1217 ὠμογέρων,
655 1152 735 1209 qua,
768 1144 919 1214 tanquam
946 1132 1138 1194 foedissimo
1164 1133 1286 1212 mendo,

196 1228 387 1311 inquinatos
408 1240 476 1281 esse
493 1218 594 1277 libros
615 1214 746 1277 Solones
771 1216 965 1278 contendere
985 1238 1082 1278 rusus
1105 1216 1184 1279 esti
1212 1218 1286 1301 Quin

196 1316 210 1375 i
235 1334 268 1373 sa
282 1315 368 1393 leges
382 1300 553 1364 Antilochi
566 1300 663 1361 verba
679 1297 772 1360 Iliad.
786 1300 917 1378 XXIII,
933 1308 1007 1369 791.
1030 1299 1071 1363 de
1087 1302 1211 1383 Ulysse
1224 1325 1287 1379 crn-

199 1336 279 1468 die,
301 1395 324 1456 i.
341 1413 369 1453 e.
386 1385 516 1451 vividae
536 1381 641 1444 adhuc
657 1398 689 1444 et
706 1398 851 1446 versutae
865 1387 1041 1446 senectutis
1060 1387 1133 1447 viro
1156 1388 1287 1472 agentis,

199 1485 251 1544 vei
265 1476 374 1561 potius
389 1488 494 1535 totum
512 1470 607 1528 istum
624 1473 748 1540 locum.
772 1484 804 1530 et
830 1470 926 1532 facile
946 1471 1118 1551 fateberis,
1142 1473 1208 1531 nisi
1228 1472 1287 1533 Ln-

199 1566 296 1631 a‘anei
309 1558 433 1643 ingenii
453 1574 585 1637 prorsus
599 1553 700 1613 fueris
718 1553 862 1635 ignarus,
886 1577 952 1614 non
970 1551 1137 1640 ὠμογέρων
1158 1557 1194 1615 in
1207 1556 1285 1616 libris

200 1646 367 1724 omnibus,
390 1640 446 1703 sed
463 1635 617 1722 ὅμογέροιν
634 1639 667 1695 in
687 1637 768 1697 cod.
782 1640 842 1714 L.‚
866 1639 1047 1700 habendum
1062 1663 1134 1702 esse
1153 1639 1286 1701 foedissi-

201 1755 286 1796 mum
321 1725 480 1789 mendum.
533 1722 680 1783 Ceterum
706 1721 822 1784 Voss-tii
848 1724 1015 1804 scholion,
1051 1724 1142 1810 quod
1176 1724 1288 1787 Solcnn

201 1815 388 1897 descripsit,
410 1808 578 1872 maximnm
594 1823 713 1889 partem
731 1829 748 1867 e
770 1808 867 1869 Suida
887 1808 1066 1871 desumtum
1079 1826 1150 1889 est3
1172 1810 1225 1894 qui
1244 1824 1286 1868 ts·

201 1924 273 1964 men
288 1912 362 1983 post
380 1895 401 1978 ἢ
414 1888 577 1978 συμφοράν
599 1889 704 1969 addit,
729 1913 809 1972 qnae
835 1896 965 1974 proprie
990 1895 1053 1955 huc
1077 1894 1286 1977 pertinebant:

200 1989 253 2055 ’tei
265 1980 448 2067 πθῖςβῦῑης,
474 1971 546 2060 oriri
563 1974 679 2059 κεφαλὴ
693 1969 751 2040 οὐκ
767 1978 929 2059 ἔιιολιώθη.
951 1981 1072 2041 Lnnn.

287 2068 402 2131 Ead.·t.
418 2074 448 2132 8.
473 2063 592 2140 Εἶδον)
622 2061 784 2123 Videntur
802 2064 918 2124 melius
942 2064 1128 2145 cohaerete,
1154 2085 1232 2147 quae
1249 2084 1285 2125 te·

203 2165 367 2241 quuntor,
392 2152 420 2210 si
442 2172 507 2211 non
523 2152 609 2230 legas
630 2144 723 2223 εἶδον,
744 2144 800 2206 sed
821 2147 907 2213 idcir.
952 2150 1048 2211 Certe
1068 2150 1156 2212 inter
1179 2148 1284 2208 dicten-

201 2256 265 2305 tem
282 2253 315 2300 et
329 2234 545 2317 excipientem
561 2234 656 2293 facile
675 2231 734 2290 ista
753 2232 879 2293 misceri
897 2248 1033 2297 constat.
1077 2233 1236 2317 Equidem
1249 2232 1283 2291 itt

200 2327 295 2388 verti.
313 2323 416 2385 Gnsr.
447 2316 590 2381 Praetuli
603 2314 705 2395 εἰδώς,
729 2316 1012 2401 quod-suppeditat
1025 2339 1137 2403 mergo
1152 2320 1190 2381 A.
1207 2316 1283 2385 ΜΨ.

200 2412 322 2474 Lnnnr.

287 2489 365 2554 End.
379 2489 401 2554 l.
418 2495 467 2555 18.
498 2484 630 2553 Μισθὸν
652 2479 685 2551 εὖ
705 2480 867 2571 τοιαύτης)
890 2479 946 2551 Ἐκ
968 2484 1122 2570 τοιαύτης.
1144 2488 1286 2549 Menon.
1331 2544 1333 2559 ,

202 2580 242 2643 Β.
260 2586 290 2645 2,
307 2576 359 2636 Fr.
378 2587 410 2634 et
423 2575 496 2633 Par.
508 2597 539 2653 μ.
552 2573 584 2635 ἔκ
597 2595 623 2634 τ.
647 2571 734 2655 quod
751 2594 807 2632 cur
823 2572 983 2650 inserent,
1017 2576 1106 2633 nuile
1127 2573 1210 2634 ratio
1229 2584 1284 2643 ortt
1331 2630 1333 2641 ,

203 2685 264 2725 nec
287 2661 339 2723 M.
362 2657 517 2740 agnoscit.
547 2657 674 2717 Sortn.
722 2655 817 2740 Quod
841 2659 874 2721 ἐκ
896 2679 957 2739 pro
980 2654 1013 2722 εὖ
1038 2656 1176 2739 conjicit
1197 2656 1287 2719 Marc
1331 2650 1333 2655 ⁵

202 2761 291 2808 recte
310 2741 458 2824 quidem3
482 2739 538 2800 sed
560 2743 593 2805 ἐκ
617 2739 776 2803 habebant
792 2739 863 2801 edd.
885 2742 957 2805 Par.
979 2742 1020 2804 Β.
1041 2750 1073 2809 2.
1089 2756 1121 2803 et
1140 2742 1195 2807 Fr.
1208 2738 1289 2803 Gros-

202 2835 294 2894 νίοιια
311 2823 602 2887 atttem'obsurdum
626 2825 707 2885 illud
721 2819 753 2889 eti
770 2842 918 2888 servarat.
962 2828 1031 2889 Nos
1050 2831 1112 2908 jam
1128 2848 1188 2906 pro
1205 2822 1289 2891 tuis·

203 2916 309 2975 dimus
324 2917 394 2993 nir„
410 2920 451 2971 'ex
465 2912 657 2970 auctoritate
673 2909 742 2975 edd.
758 2910 950 2991 optimarum
963 2927 996 2974 et
1009 2909 1090 2973 Cod.
1104 2912 1158 2975 M.
1179 2910 1289 2971 Rem.

202 3000 296 3081 Lego
315 2998 365 3063 ἰπὶ
379 2992 521 3074 τοιαύτης
544 2991 735 3076 εὐδαιμονίας
750 3016 807 3074 pro
830 3001 962 3079 vulgato
984 2990 1026 3062 εὖ.
1052 2996 1159 3057 Gesn.
1205 2988 1289 3081 Quod

199 3104 243 3146 ne
257 3084 337 3145 bene
362 3079 491 3162 quidem
516 3079 670 3140 Graecum
689 3079 815 3161 judico,
839 3081 865 3139 si
882 3083 946 3155 ite,
970 3096 1006 3141 nt
1022 3078 1182 3160 Gesnrrns,
1206 3081 1290 3142 inter·

200 3168 355 3253 preterit:
377 3163 420 3224 od
431 3164 507 3224 Ῑιοιιο
511 3163 694 3250 felicitatem
705 3166 830 3269 insuper.
852 3166 1118 3249 Recteplurimee
1132 3164 1218 3230 Edd.
1228 3174 1293 3225 vett

199 3267 232 3316 et
246 3272 355 3315 omnes
369 3262 503 3315 recentt.
519 3255 574 3327 τῆς
583 3245 724 3330 τοιαύτης
742 3254 950 3331 ευόαιμονίας,
973 3251 1007 3309 in
1026 3270 1093 3332 quo
1116 3248 1207 3311 heud
1226 3250 1293 3311 ills-
1330 3316 1334 3325 ,

199 3336 277 3421 pide
289 3338 376 3396 inest
387 3332 572 3416 Antilogin,
599 3351 748 3416 susceptae
753 3333 917 3421 felicitatis
936 3340 1025 3397 etiem
1038 3336 1202 3397 mercedem
1214 3338 1293 3397 οοοί-

197 3447 274 3507 pere.
298 3432 302 3437 '
323 3416 494 3481 Contraria
517 3417 643 3478 ratione
664 3435 829 3500 peccatum
850 3442 866 3479 a
888 3419 1027 3481 librariis
1050 3420 1084 3477 in
1105 3420 1206 3483 simili
1228 3423 1292 3482 iore

199 3504 317 3568 Abdic.
335 3525 403 3585 rep.
421 3507 472 3572 25.
490 3499 547 3560 ubi
569 3516 654 3564 recte
668 3502 802 3565 Reitzius
816 3507 867 3569 ιιαὶ
881 3503 993 3585 μισθόν
1006 3501 1041 3569 cd
1054 3508 1151 3581 (non
1168 3512 1242 3583 cori,
1263 3514 1295 3563 nt

196 3590 350 3652 nonnulii
377 3586 454 3666 clii)
477 3582 633 3651 δουλεύειν
652 3584 757 3662 αὐτοῖς
778 3625 818 3635 -
840 3586 1079 3671 προδεδωκότες,
1102 3594 1158 3653 vel
1176 3588 1295 3675 potior,

198 3688 237 3736 ut
259 3673 424 3737 Gronovius
439 3674 576 3748 mavult,
599 3670 850 3754 προςδεδοιιιότες.
875 3676 993 3735 Lenit-

281 3759 356 3840 Peg.
373 3761 446 3824 257.
462 3761 482 3815 l.
502 3763 529 3822 1.
542 3751 677 3831 ’Ἀσωτος
690 3754 736 3837 ri)
762 3758 915 3819 Vorstium
934 3764 963 3821 le
988 3778 1039 3820 ere
1051 3753 1173 3835 docete
1187 3762 1228 3829 ti,
1248 3778 1294 3817 tc·

197 3856 294 3905 centu
309 3842 459 3903 enclitice
475 3844 627 3920 trajecto,
646 3856 739 3901 notat
756 3842 903 3922 Salanus,
925 3782 986 3905 sed
998 3843 1055 3903 vir
1068 3842 1152 3905 mihi
1167 3863 1296 3926 pertur-

198 3927 277 4004 deo‚
303 3949 374 3988 eum
391 3940 454 3986 tem
476 3945 577 3985 crasse
596 3946 697 3986 errare
719 3928 880 4008 potuisse,
910 3936 980 3989 ct'nn
1005 3928 1217 3989 Grammatiri
1235 3926 1294 3987 do-

198 4027 305 4090 ceant,
329 4008 498 4071 secundam
516 4030 641 4090 person.
657 4011 739 4095 sing.
756 4011 840 4074 verb.
857 4014 917 4094 εἰμὶ
932 4035 998 4073 non
1019 4034 1087 4075 esse
1102 4012 1290 4075 encliticam.

197 4095 299 4179 Cujus
313 4095 358 4154 rei
375 4095 530 4153 rationem
545 4114 613 4155 esse
628 4094 736 4171 credo,
759 4110 797 4156 ut
812 4097 933 4159 vitetur
954 4096 1152 4183 ambiguum,
1176 4120 1217 4159 ne
1228 4096 1290 4159 soil.

195 4177 416 4245 confundatur
437 4198 509 4238 curn
526 4178 685 4263 particule
706 4184 736 4248 rt
749 4195 855 4249 rtonr.
884 4184 1009 4249 Rzrrr.
1059 4182 1102 4247 In
1121 4180 1249 4253 τοσόνδέ
1265 4202 1288 4244 st
