2678 4800
176 361 217 413 ru
242 359 461 435 aroroarta
485 354 561 437 aaa
586 359 761 419 naaoaurr
788 363 1019 443 counncrrst·
1062 353 1137 435 697,

32 532 51 584 ¹,
83 508 180 591 'didit
196 514 234 573 ol.
247 510 373 588 Βοιίιιιγ
394 507 451 570 sed
472 505 558 592 quod
577 507 664 592 illi-us
681 529 759 591 poce
776 507 904 594 dixero,
927 513 1158 601 ineptissime·
1186 557 1188 561 ·

42 595 45 604 '
99 617 148 655 mo
164 595 247 656 eninr
263 591 299 657 cri
321 599 445 678 σφιγγία
459 606 534 652 sunt
546 592 701 676 'sphingem
724 589 930 679 noftf'ltlrorrilia.
973 611 1004 669 2.
1027 602 1070 663 Et
1087 607 1139 669 vel

99 680 215 738 -mnilia
231 677 357 747 reddas,
381 693 485 739 tamen
502 676 537 740 roi
552 702 675 761 σφιγγιιι
689 678 786 744 anicii
801 679 948 761 xouoo'rli'a
962 676 1026 747 noo
1044 701 1140 756 erunt

94 765 165 826 ¹rilia
187 784 235 825 ex*
251 762 390 842 corallio,
423 762 479 823 sed
499 762 624 825 monilia
645 777 672 822 et
694 764 829 828 corallia.
873 775 903 835 8.
927 766 1141 849 Ρῐισῖοιτοῦς

105 858 208 922 υσίους
224 844 326 909 diuites
342 848 426 908 inter
447 849 626 925 Romanas,
652 846 691 906 de
709 849 825 932 quibus
841 847 895 910 hic
913 842 1038 936 agitur,
1063 857 1151 927 olims

12 975 16 997 .
89 937 193 998 lruisse
209 933 339 993 monilia
357 930 522 1007 corallius,
547 951 664 990 merum
680 933 837 999 somnium
854 947 912 1016 est,¹
933 959 1003 997 eum
1020 936 1059 999 ire
1072 960 1141 1000 mo.

96 1023 129 1099 ia*
143 1016 270 1100 quidem
296 1015 477 1076 habuerint.
521 1014 649 1076 Monile
670 1017 755 1076 enim
779 1010 1019 1081 muliebre'luit
1041 1043 1144 1093 orna-f

83 1118 204 1180 autum,
227 1103 369 1184 ut'notat
388 1099 505 1160 Seruius
523 1101 556 1166 in
572 1097 690 1158 librum
706 1102 877 1178 septimum
897 1105 1067 1167 Aeneidos.
1110 1113 1144 1177 4.

84 1189 200 1271 eoique
210 1186 367 1265 Larianus
382 1185 491 1265 inepte
513 1183 673 1244 diceretur
687 1204 785 1255 aureo
805 1188 915 1246 collari
930 1210 997 1252 esse
1011 1190 1145 1259 revinc-

78 1296 116 1350 .s,
133 1272 236 1353 qualia
255 1283 330 1329 sunt
344 1266 480 1328 divitum
497 1269 630 1334 monilia
647 1268 811 1332 corallina.
844 1271 926 1331 Nam
944 1287 1015 1333 utut
1031 1266 1144 1356 panso,

75 1360 166 1417 mites
183 1355 297 1416 babere
312 1354 454 1421 monilia.
480 1368 582 1418 tamen
603 1352 643 1410 iis
660 1351 834 1413 monilibus
852 1377 915 1414 non
936 1356 1084 1418 dicentur
1098 1381 1146 1421 es·

78 1444 234 1516 revinco,
259 1440 348 1520 quasi
369 1437 491 1515 captivi
516 1436 746 1497 detinerentur.
790 1438 860 1499 Nec
879 1445 1000 1502 monile
1019 1445 1146 1504 coralli.

75 1551 124 1586 um
146 1547 214 1590 cum
232 1544 328 1583 aureo
347 1522 456 1582 collari
470 1537 619 1602 tanquam
636 1521 738 1580 simile
757 1520 895 1583 conferri
914 1520 1027 1617 potest.
1052 1529 1148 1589 Nihil
1174 1556 1176 1567 ⁴

72 1611 133 1670 uim
156 1627 201 1671 est
223 1629 300 1669 auro
325 1627 491 1668 commune
516 1629 586 1666 aum
612 1605 755 1666 corallio.
802 1607 913 1691 ltaque
934 1609 1041 1672 Botius
1060 1611 1170 1673 huno

70 1692 183 1757 jociani
201 1698 306 1770 locum
333 1693 489 1751 intactum
512 1692 682 1771 praeterire
701 1690 865 1753 debuisset
890 1686 1023 1775 potius,⁴
1054 1702 1151 1779 quani

68 1782 101 1839 lli
126 1795 188 1839 tam
211 1777 381 1836 ridiculum
405 1798 529 1835 sensum
552 1773 718 1858 affingere,
742 1789 772 1834 et
796 1774 899 1836 verbis
923 1780 1063 1840 auctoris
1086 1796 1150 1840 tarn

64 1887 163 1924 rarum
181 1883 367 1935 consonum.
412 1860 471 1922 Sed
489 1861 622 1919 fortasse
641 1881 696 1935 pro
713 1856 748 1921 roi
763 1862 909 1937 aouodlsa
929 1862 1098 1946 legendum
1114 1860 1151 1929 ri

63 1945 204 2028 ιαρὸάλια
225 1951 274 2007 vel
295 1943 459 2029 scandilia,
481 1960 517 2005 ut
540 1943 739 2027 significetur
755 1945 909 2007 erciarrrrs
924 1968 1016 2008 aurea
1039 1964 1153 2018 catena

60 2056 123 2096 ‘sse
138 2034 310 2106 revinctus,
334 2030 493 2114 quomodo
514 2030 704 2090 esimiarum
718 2050 832 2111 genere
848 2031 1010 2115 sphingis,
1034 2050 1064 2092 et
1081 2038 1154 2110 par·

56 2122 149 2196 dolia,
172 2140 227 2178 seu
244 2115 417 2195 pantherae
435 2115 551 2174 vinciri
572 2118 674 2172 solent
696 2112 728 2169 in
752 2116 992 2194 opulentiorum
1009 2110 1174 2182 sedibus.'
1236 2104 1240 2123 ²
1294 2172 1303 2189 ,

56 2196 213 2289 Sphingia
236 2200 371 2259 dicimus
394 2223 463 2258 rum
490 2198 589 2260 Plinio
614 2196 686 2256 libri
704 2205 733 2264 6.
747 2206 775 2257 a.
792 2207 841 2265 29,
889 2202 929 2260 Et
952 2198 988 2264 eoi
1003 2198 1154 2283 raaodoiira

36 2294 107 2351 ‘rel
131 2285 280 2367 aoadoilroe
303 2308 372 2343 cum
389 2283 568 2364 Plrilosoplro
590 2282 664 2340 libri
691 2284 822 2342 secundi
846 2285 1011 2350 Historiae
1037 2286 1155 2347 anima·

57 2377 136 2436 lium
153 2373 258 2452 capite
275 2369 456 2443 undecimo,
481 2387 511 2427 et
528 2369 634 2429 Plrotr'o
650 2366 682 2423 iu
700 2371 778 2427 Exa.
797 2391 835 2428 ex
852 2369 1043 2435 Philostrato.
1088 2371 1155 2432 No·

58 2457 246 2522 bilissimas,
272 2469 367 2536 atque
382 2452 463 2512 idern
480 2452 695 2528 doctissimus,
720 2453 863 2531 mihique
879 2455 1085 2515 amicissimus
1101 2453 1158 2514 do·

59 2544 165 2605 miuus
182 2541 218 2600 (le
236 2537 445 2600 Grentemesrril
462 2535 497 2601 eoi
519 2533 666 2614 κουροίίια
690 2553 788 2596 mutat
808 2539 839 2594 in
856 2536 892 2600 cri
910 2538 1049 2617 taraiasa.
1093 2537 1161 2601 Cui
1209 2526 1214 2545 ἱ

59 2632 265 2706 conjecturae
279 2622 462 2704 suffragium
488 2621 632 2682 adderem
648 2620 767 2696 libens,
791 2623 819 2682 si
834 2625 939 2683 catelli
957 2623 1057 2685 vincti
1074 2622 1160 2687 deri-

60 2726 231 2783 nerentur‚
258 2708 296 2767 de
312 2730 374 2788 quo
391 2706 443 2764 hic
462 2707 588 2766 videtur
604 2706 664 2792 agi.
708 2707 771 2766 Pro
785 2706 820 2769 coi
836 2713 959 2792 σφιγγία
974 2713 1024 2773 καί
1039 2707 1074 2772 roi
1088 2735 1162 2775 κου·

64 2793 151 2873 adira
165 2794 305 2876 legebam
324 2795 399 2850 olim
423 2789 457 2854 cri
473 2786 580 2869 ὄφίίιο
595 2796 645 2854 καὶ
664 2788 699 2854 coi
713 2789 874 2870 aolldpra,
898 2794 1035 2855 armillae
1048 2808 1079 2854 et
1093 2792 1165 2857 col-⁸

66 2880 159 2955 laria,
184 2901 238 2939 seu
254 2875 387 2936 monilia.
434 2877 532 2958 Quasi
551 2875 715 2936 verborum
733 2877 785 2935 hic
800 2893 880 2938 esset
896 2900 1022 2954 seusus,
1045 2879 1166 2941 Lacia-

65 2991 136 3027 num
152 2963 256 3024 aureis
280 2960 417 3019 vinculis
444 2960 598 3036 detineri,
624 2962 728 3040 qualia
753 2976 827 3019 sunt
852 2956 1092 3040 opulentiorum
1115 2984 1167 3024 ar-

66 3053 174 3110 millae
189 3063 220 3109 et
235 3063 374 3126 torques.
416 3040 545 3121 Ὀφίὸιο
561 3046 691 3126 proprie
714 3058 789 3103 sunt
805 3047 973 3128 unguiculi,
997 3047 1050 3108 sed
1065 3063 1095 3106 et
1112 3071 1168 3108 or»
1193 3047 1200 3057 “
1223 3065 1233 3073 ·
1273 3056 1281 3072 “

66 3131 170 3196 millae
186 3136 324 3212 anguium
345 3133 472 3210 figuram
486 3131 636 3205 labentes,
660 3153 790 3214 quaeque
812 3130 960 3191 braclairrm
983 3134 1169 3214 intrrtgrrium

68 3218 187 3279 maclam
202 3214 436 3296 circumplicant.
480 3211 696 3291 Ἐπικαριιίους
717 3211 802 3291 ὄφεις
817 3229 910 3273 vocat
923 3216 1120 3279 Philostratus
1133 3215 1170 3275 iu

70 3300 236 3382 Epistolis.
284 3301 327 3356 Et
345 3298 655 3378 pluribnsdescribit
671 3297 892 3359 Normaslibro
908 3301 1022 3382 quinto
1042 3300 1171 3380 Diony·
1224 3326 1227 3335 ·

73 3390 147 3448 siae.
185 3382 349 3444 Callara'um
363 3397 465 3444 autem
484 3405 541 3464 pro
560 3400 675 3464 torque
689 3399 736 3442 est
750 3384 892 3442 Romana
911 3407 986 3455 vox,
1003 3407 1063 3467 qua
1083 3382 1174 3447 ler·
1200 3396 1205 3403 “
1244 3449 1248 3458 ,

73 3483 129 3547 tric,
140 3469 278 3532 Lucilius
291 3486 320 3529 et
334 3468 433 3528 Varro
448 3469 498 3526 usi
512 3484 603 3527 suut:
628 3467 713 3528 unde
728 3463 821 3545 ttabtp
835 3465 966 3529 Kolar'r'n
979 3474 1031 3530 'vel
1048 3447 1175 3548 Nt'tbtl')
1212 3506 1214 3511 v
1299 3485 1303 3495 '

72 3555 225 3636 Kolaroja
244 3576 259 3611 a
277 3552 445 3613 Chaldaeis
466 3567 498 3612 et
519 3552 751 3613 Thalmudicis.
797 3555 839 3613 Et
856 3554 985 3612 Graecis
1007 3548 1175 3635 κολλᾶριον.
1239 3577 1258 3605 ⁴

76 3640 242 3724 Hesychius
257 3637 618 3717 riotdfflrearroaxrjlrog
643 3637 764 3717 δεσμὸς,
787 3637 964 3714 κοίλιίοιον,
986 3635 1054 3716 ι’ίτοι
1072 3662 1177 3721 μανία-

77 3722 145 3804 mig.
191 3723 375 3784 Philemenus
388 3722 419 3778 in
438 3723 561 3782 Glossis
580 3720 741 3802 κολίᾶριον
756 3722 921 3784 collarium.
966 3722 1180 3809 Aristophanis

81 3809 261 3872 Scholiastes
276 3806 314 3866 ad
332 3808 464 3885 Vespas‚
487 3804 589 3882 κλοιὸς
607 3807 640 3870 cd
656 3805 903 3890 aaildarov'rrao’
919 3803 993 3887 ἡμῖν
1006 3809 1192 3891 λεγόμενον..
1213 3880 1216 3885 ,

83 3897 126 3953 Et
139 3896 177 3952 in
197 3894 346 3966 Plutum,
372 3890 480 3970 κύφων
500 3895 529 3953 δὲ
546 3888 732 3969 ὁισμόςίσιι
751 3892 887 3968 ξύλινος.
914 3889 948 3956 lv
965 3897 996 3957 ai
1009 3889 1183 3974 alacrioris

85 3977 301 4058 ὀνομάζουσιν,
325 3979 356 4039 oi
370 3975 400 4040 di
418 3973 540 4054 aulida,
562 3981 631 4060 lege
646 3972 814 4059 solidator.
860 3978 974 4060 Itaque
989 3976 1184 4047 yidebaatut

85 4062 220 4124 Luciarri
232 4063 354 4145 σφιγγία
369 4062 402 4120 in
420 4055 493 4140 ὁφίὸ
1134 4136 1138 4143 ,

87 4168 183 4233 posse
197 4147 331 4221 mutari,
357 4145 432 4227 quia
455 4145 514 4206 hae
531 4166 623 4206 voces
643 4145 680 4207 ab
698 4145 836 4207 invicem
856 4169 921 4208 non
944 4151 1079 4209 multum
1095 4146 1200 4227 abluy'

495 4087 525 4123 ra
546 4075 577 4120 et
590 4060 738 4142 κουρᾶίια
759 4063 792 4120 in
810 4056 953 4144 κοίίᾶριοι
966 4062 1036 4124 sine
1053 4062 1187 4124 crimine
1283 4070 1288 4081 '
