2678 4800
199 398 281 491 ,582
471 414 1041 471 t..httoaautortns
1120 367 1123 372 ⁵
1221 440 1232 457 .

291 538 371 632 titt.
395 568 586 653 Σκνθρωποί
600 569 670 644 slot)
691 563 787 627 Utin
802 562 934 650 Nigris.
948 576 982 625 et
990 559 1133 647 Lapith.
1150 572 1188 625 et
1202 560 1315 647 passim

206 650 294 716 alibi.
319 655 454 721 Bonan.

293 770 373 834 Eud.
392 775 412 830 l.
434 778 466 843 9,
496 772 641 849 ΑΡΕΤ.)
672 769 801 831 Virtutis
824 787 961 850 persona
983 746 1050 825 ndn
1072 764 1122 826 ita
1148 765 1314 831 commodo

209 855 275 918 huc
289 854 464 917 convenire
476 854 619 917 videtur:
642 857 738 938 longe
751 853 866 914 melius
882 858 980 913 altera
997 850 1159 913 Veritatis.
1207 854 1313 913 Muta·

209 941 296 1003 tioni
320 940 521 1002 occasionem
541 937 707 1021 praebuit,
738 936 826 1022 quod
848 936 995 1020 proxime
1019 938 1058 995 ah
1082 934 1152 995 h'oo
1172 956 1312 998 sermone

208 1024 369 1087 Virtutem
383 1024 559 1107 alloquitur
572 1022 795 1104 Philosophia,
818 1022 871 1081 cui
885 1018 1024 1103 proinde
1036 1019 1237 1099 responderi
1249 1042 1310 1080 oum

106 1120 108 1129 “
207 1122 337 1190 putaret
355 1107 492 1190 aliquia,
513 1128 681 1190 personam
698 1105 753 1166 hio
769 1122 886 1168 temere
900 1104 1046 1166 mutavit.
1071 1102 1209 1187 Quidni
1225 1104 1311 1180 enirn,

207 1206 281 1274 post
302 1193 446 1256 Veritatis
460 1192 702 1268 testimonium,
726 1195 855 1253 alteram
872 1211 960 1277 suapr
976 1185 1143 1268 sodalem,
1171 1189 1312 1251 Virtutem

157 1318 163 1331 ,ι
206 1278 392 1363 alloquatur
409 1275 648 1358 Philosophia?
672 1275 776 1337 Gusu.

291 1394 369 1457 Eud.
383 1401 405 1457 l.
426 1402 476 1463 10.
501 1391 587 1460 Karai
602 1400 655 1476 τῆς
667 1403 722 1480 γῆς
737 1392 849 1477 δῦναι)
871 1393 925 1457 sto
946 1392 986 1454 de
1000 1388 1151 1456 Merced.
1169 1390 1310 1458 conduct.

78 1524 81 1531 .
205 1476 478 1570 (’σσμ.18.)ἐῧχχ
496 1478 564 1562 diii
581 1488 695 1569 σεισμῷ
716 1489 880 1563 συμπεσεῖν
902 1481 1001 1545 ἐκεῖνα
1020 1473 1133 1543 πάντα.
1184 1478 1240 1539 stc
1258 1477 1311 1538 ad·

207 1584 319 1627 versos
336 1564 464 1627 Indoct.
481 1570 572 1645 (cap.
590 1564 667 1651 18.)
683 1560 753 1651 εὕξχ
774 1561 840 1632 τότε
851 1573 951 1648 χανεῖν
964 1584 1013 1629 σοι
1030 1559 1088 1640 τὴν
1104 1570 1170 1647 γῆν
1182 1558 1261 1628 κατὰ
1272 1582 1311 1627 σε·

208 1657 314 1723 αυτοῦ.
337 1650 390 1712 sio
405 1651 505 1714 Diall.
519 1651 620 1711 Mers.
637 1649 718 1734 (IX,
733 1647 787 1728 3.)
804 1656 869 1724 πῶς
882 1647 920 1714 r’iv
935 1646 998 1733 μεὴ
1011 1655 1051 1734 γῆ
1061 1652 1230 1728 tornulo&
1249 1647 1307 1710 ead.

208 1732 244 1793 in
264 1735 407 1797 Conviv.
424 1738 472 1814 (o.
490 1737 564 1813 28.)
587 1733 643 1798 sic
658 1735 744 1816 apud
759 1734 883 1799 Heliod.
898 1734 957 1803 lib.
973 1745 1002 1801 1.
1024 1729 1172 1816 ηὐχόμην
1188 1736 1308 1801 diatm-

209 1821 303 1883 δῦναι
317 1825 438 1901 μᾶλλον.
474 1818 612 1880 -Hahent
628 1840 668 1879 ex
688 1819 816 1880 Homeri
827 1817 922 1881 Iliad.
938 1826 971 1887 4·
996 1813 1065 1885 τότε
1084 1843 1142 1903 μοι
1161 1817 1253 1904 χᾶννν
1269 1814 1310 1887 tt'·

208 1911 275 1988 (νεῖν
286 1903 380 1986 χθών.
424 1902 537 1969 Simile
552 1903 635 1991 illud
650 1919 698 1965 est
714 1903 856 1988 Aeschyli
871 1899 982 1989 Suppl.

375 1991 498 2070 Θὲλσιμι
513 1985 543 2053 d'
559 1985 598 2052 iv
612 1991 762 2073 μορσίμου

373 2070 492 2159 Βρόχον
505 2082 604 2158 τυχεῖν
615 2077 647 2140 ἐν
663 2072 838 2160 σαρχᾶνσις.

205 2150 342 2232 Bonan.

292 2258 369 2342 Peg.
384 2263 492 2329 172.1.
509 2270 539 2332 3.
558 2254 687 2345 Ἀρετὴ)
707 2261 798 2322 Haeo
813 2259 906 2344 loqui
921 2257 1055 2322 decebat
1070 2261 1253 2343 Veritatem,
1270 2258 1299 2325 td

205 2363 301 2429 quam
316 2357 428 2406 testem
445 2361 636 2428 provocarat
647 2343 881 2407 Parrhesiades.
926 2346 1060 2407 Servavi
1083 2360 1197 2419 tamen
1217 2350 1299 2410 lihto-

205 2449 277 2489 rum
294 2430 507 2510 scripturam
530 2430 714 2511 praesertim
728 2453 800 2490 oum
825 2449 904 2488 mox
925 2429 1147 2514 Philosophia
1172 2435 1298 2497 Virtutem

205 2515 356 2594 appellet.
400 2513 464 2576 Sed
480 2515 527 2572 ihi
543 2536 601 2594 pro
623 2513 837 2596 Philosophia
861 2513 1023 2575 Veritatem
1042 2519 1141 2599 loqui
1169 2518 1298 2581 credide-

206 2596 280 2657 τίω.
325 2595 421 2657 Certe
437 2597 556 2657 alicubi
570 2603 720 2682 loquatur
743 2611 890 2680 oportet,
913 2599 979 2658 nisi
999 2621 1175 2681 personam
1198 2618 1298 2665 mutata

206 2699 227 2740 a
247 2678 399 2740 Lucieno
419 2679 583 2742 inductam
597 2704 742 2762 censeas,
765 2687 855 2765 cujus
870 2703 967 2767 opera
990 2685 1210 2765 potissimum·
1223 2688 1299 2747 indi-

81 2845 84 2849 *
206 2761 311 2848 gebat.
333 2763 465 2829 Soura.
509 2764 544 2826 si
564 2787 659 2848 supra
678 2788 815 2849 persona
831 2774 903 2831 ΛΡ.
923 2767 1078 2829 mutanda
1099 2771 1188 2843 fuit,
1208 2764 1241 2835 'et
1256 2771 1298 2831 hit

206 2847 445 2911 rescribendum
462 2851 526 2910 erit
540 2847 671 2932 ἀλήθεια
686 2872 744 2932 pro
755 2847 860 2932 'riperti
883 2853 1008 2917 Rsrrz.
1053 2854 1225 2939 Seyboldus
1237 2857 1301 2917 hato

90 2957 93 2964 ¹
207 2931 398 2997 adnotavit:
420 2927 610 3017 „hildinus
622 2958 682 2995 nec
695 2933 772 3001 heio
785 2957 843 2995 noo
860 2940 970 3016 paullo
983 2937 1127 2999 inferius
1141 2942 1242 3026 loqui.
1255 2940 1298 3003 ui·

206 3016 270 3079 rati
287 3033 362 3084 sunt
378 3017 519 3081 Gesnerus
534 3035 567 3081 et
589 3021 693 3083 Moses
709 3018 775 3082 Sol.
793 3041 834 3080 ex
856 3019 920 3081 hoo
942 3022 1081 3086 maxime
1105 3040 1297 3109 argumento,
1315 3012 1320 3043 ³

146 3142 150 3151 -
208 3101 297 3187 quod
312 3103 537 3166 Parrhesiades
552 3105 735 3167 evocaverit
748 3125 835 3181 earu,
859 3118 897 3163 ut
912 3126 968 3179 ea,
992 3128 1075 3190 quae
1094 3105 1220 3173 dixerit
1233 3111 1296 3193 ipat,

206 3207 281 3248 vera
298 3207 366 3248 asse
384 3203 529 3251 testetur.
552 3189 712 3249 tlt-obliti
729 3187 882 3249 videntur
896 3188 945 3266 hi,
961 3212 1042 3275 quos
1057 3191 1117 3254 vix
1135 3195 1298 3277 quisquan,

207 3290 303 3355 quam
324 3292 405 3356 ego,
429 3274 534 3357 magio
552 3274 714 3346 aestimet,
742 3272 835 3348 Viri,
865 3275 973 3335 omnia
1003 3274 1084 3337 haee
1104 3294 1183 3345 ante
1205 3283 1296 3341 oeulot

108 3386 116 3401 κ
207 3355 303 3437 qnasi
321 3369 448 3418 nostros
464 3358 529 3442 agi.
552 3357 630 3417 hino
645 3379 712 3418 nou
728 3378 809 3440 opus
826 3371 890 3435 est,
913 3373 952 3419 ut
966 3380 1014 3437 ea,
1038 3362 1135 3446 queit
1148 3362 1296 3426 Luoianut

203 3439 426 3524 Philosophos
457 3442 572 3524 petiit,
611 3440 745 3501 crimina
769 3441 817 3502 aio
838 3462 872 3502 se
895 3441 1029 3520 habere,
1062 3446 1162 3509 verbis
1181 3462 1296 3513 testatur

203 3519 363 3606 'Adsidua‘
385 3541 513 3608 poterat
526 3528 613 3589 enim
625 3525 663 3585 id
679 3530 731 3586 vel
747 3542 835 3605 nutu,
858 3543 891 3587 et
906 3531 1011 3588 annuit
1025 3528 1097 3591 tine
1112 3530 1227 3595 dubio.
1251 3530 1296 3593 Ct-

206 3623 311 3670 terum
327 3609 415 3693 quod
431 3610 514 3672 idem
529 3612 641 3672 Moser
656 3610 710 3694 (se
722 3612 734 3688 )
747 3611 793 3671 ait
799 3654 810 3687 ,
833 3609 946 3673 alicubi
962 3612 1107 3696 loquatur
1119 3630 1234 3700 oportet
1246 3614 1297 3679 Ve-

207 3696 297 3771 ritas,
328 3699 388 3756 nisi
400 3718 558 3778 personam
572 3710 716 3756 mutamo
738 3695 877 3757 Lucieno
894 3695 1048 3759 inductam
1072 3722 1211 3781 σσκσσσε,
1232 3703 1295 3784 oujtt
1317 3704 1325 3761 i

207 3798 296 3859 opera
309 3783 495 3862 potissimum
518 3778 686 3861 indigebat,
720 3780 884 3842 immemor
906 3795 974 3841 erat
997 3802 1128 3862 eorum,
1151 3806 1233 3870 quae
1247 3788 1292 3867 jan

206 3866 357 3942 superius
377 3866 488 3927 loouia
511 3878 560 3926 eat
574 3866 648 3924 Dea
668 3864 839 3926 Veritas.“
880 3866 1004 3926 Melius
1026 3865 1159 3931 Solum
1180 3868 1292 3931 tisim
1318 3926 1321 3931 .

166 3968 168 3985 ν
199 3949 334 4024 ,otiosam
351 3969 519 4030 personam
543 3969 603 4028 pro
622 3965 723 4010 muta:
743 3947 825 4008 illud
848 3951 936 4010 enim
955 3950 1066 4019 voluit
1086 3950 1175 4015 haud
1198 3951 1289 4025 dnhit,
1316 3934 1321 3981 ³

207 4046 269 4090 tteo
286 4047 501 4098 sanetemere.
545 4033 628 4094 Nam
643 4034 792 4113 profecto
807 4047 864 4094 aut
878 4032 941 4095 hoo
954 4037 1049 4114 loco,
1071 4052 1131 4099 aut
1145 4054 1285 4122 nunquan
1317 4044 1330 4059 ”

206 4115 379 4197 provincia
399 4138 456 4178 aaa
476 4118 607 4180 Veritati
620 4115 818 4201 adsignanda
839 4118 1139 4199 suin-praesertim
1152 4114 1283 4223 quand
1311 4180 1314 4189 ,

206 4212 323 4268 sortes
339 4220 398 4264 reo
413 4201 452 4263 ad
469 4201 656 4264 testandum·
673 4215 878 4285 provocetur.
921 4202 1021 4291 Natus
1033 4219 1141 4268 autem
1155 4228 1191 4269 tn
1204 4214 1283 4271 tant!
1308 4198 1318 4241 ·'
