2678 4800
186 309 281 387 694,-
455 318 1189 377 assentiemus„

271 469 349 531 an.
363 475 384 531 l.
401 472 431 538 5.
456 466 586 533 Πάντων
607 464 829 550 ἐκλαθόμενος)
852 466 874 527 i.
893 487 922 529 e.
946 470 1098 542 omnium,
1119 487 1202 551 quaa
1224 468 1303 555 περὶ·

188 566 248 622 ταῖν
267 559 313 620 ἐπὶ
327 562 429 638 μισθῷ
443 553 595 619 συνόντων
610 554 713 614 literis
733 552 915 628 mandavit,
939 551 1059 614 oblitus.
1083 552 1194 613 Baton.
1271 586 1274 601 =

277 673 353 734 Eat.
370 680 390 737 l.
412 682 440 740 6.
461 672 633 754 Ὀστρᾶκου
652 674 728 751 φασὶ
740 666 976 750 μεταπεσόντος)
1000 670 1144 731 Erasmus
1167 671 1200 730 in
1214 692 1291 751 par-

191 761 318 836 oemia‚·
343 757 479 819 'sertulae
500 762 715 818 transmutatio.
740 758 847 816 Biton.
894 756 1006 815 Utitur
1030 754 1093 815 hoc
1118 756 1290 835 proverbio

191 847 282 908 Plato
307 846 339 902 in
367 842 520 902 Phaedro.
552 844 680 903 Vonsr.
725 844 881 902 Nimirum
905 861 977 922 pag.
1001 838 1049 904 ed.
1071 841 1143 901 flas.
1165 842 1290 907 200.G.

192 932 304 989 Utitur
328 928 425 986 etiam
445 927 508 986 hoc
526 926 696 1007 pro'verbio
720 928 800 985 Dion
818 922 963 1008 Citrysost.
981 928 1035 992 52.
1052 924 1089 986 C.
1112 932 1183 993 118.
1201 928 1239 985 A.
1255 928 1290 991 B.

194 1024 264 1081 163.
283 1013 319 1072 C.
346 1010 445 1088 Vide,
471 1011 547 1092 quid
565 1010 675 1071 Siticlas
690 1032 729 1070 ex
743 1011 878 1092 Eutropio
899 1008 1011 1068 afferat
1024 1009 1059 1067 in
1077 1005 1230 1093 ὀστράκου
1244 1036 1292 1076 πε.

193 1103 361 1181 ρισνροφῇ,
384 1109 415 1156 et
429 1094 508 1154 adda
527 1096 646 1155 Morirn’
668 1100 775 1153 locum
797 1096 833 1153 in
852 1095 918 1153 vita
939 1094 1063 1172 Procli,
1086 1107 1119 1155 et
1142 1116 1227 1177 quos
1248 1098 1293 1157 ibi
1318 1122 1321 1129 ·

192 1186 225 1243 in
245 1198 321 1240 nota
335 1178 444 1239 laudat
461 1179 537 1239 Alb.
557 1179 720 1243 Fabricius.
750 1179 886 1239 Ertstatit.
904 1177 942 1236 ad
957 1177 1049 1237 iliad.
1066 1184 1104 1240 Σ.
1122 1200 1152 1258 p.
1173 1190 1293 1249 lidos

192 1268 319 1328 Kristero
346 1264 385 1323 ad
406 1264 531 1323 Suidnm
547 1263 715 1342 laudatur,
739 1277 769 1322 et
787 1265 877 1344 Diog.
892 1262 995 1325 Lairt.
1013 1263 1142 1341 V1,95.
1166 1269 1294 1332 Soron,

192 1356 387 1413 Desnmturu
400 1349 605 1429 proverbium
622 1370 639 1407 e
654 1353 727 1407 lusu
744 1347 879 1428 quodam
896 1348 1032 1426 puerili,
1057 1349 1113 1429 qui
1128 1349 1295 1412 dicebatur

193 1431 392 1517 ὀστρακίνδα,
418 1455 574 1515 quemque
596 1433 748 1491 describit
770 1431 888 1497 Pollux
909 1431 1025 1495 Onom.
1046 1435 1113 1512 lx,
1135 1444 1166 1502 3,
1212 1438 1296 1497 Leo.

194 1523 313 1582 tionem
335 1522 411 1597 φησὶ
431 1517 567 1578 θὸἷίννννε
589 1516 629 1576 ad
651 1517 776 1601 Dionys,
804 1517 842 1576 de
866 1514 979 1596 Comp.
1002 1517 1098 1578 Verb.
1114 1540 1147 1598 p.
1166 1528 1238 1588 132.
1263 1521 1295 1581 in

194 1610 268 1688 φασὶ
291 1602 471 1662 mumadam
494 1603 630 1663 censuit.
673 1604 717 1661 Et
735 1603 782 1660 sic
801 1605 862 1680 jam
885 1601 920 1657 in
944 1601 982 1659 A·
1008 1609 1040 1668 2.
1064 1602 1207 1665 editum:
1240 1626 1297 1665 nac

193 1712 258 1752 non
279 1690 310 1747 P.
336 1690 384 1746 ita
408 1687 560 1767 scriptum
586 1686 692 1746 babet.
735 1687 774 1746 In
797 1683 988 1744 Reitzionom
1008 1685 1187 1748 editionem
1211 1688 1297 1750 hand

127 1820 129 1825 .
194 1775 292 1835 dubie
313 1795 368 1854 per
390 1792 526 1832 errorem
552 1771 682 1853 irrepsit
704 1773 794 1852 φησὶ,
818 1785 972 1850 quantum
996 1771 1124 1853 quidem
1146 1796 1164 1834 e
1187 1774 1299 1837 Reitzii

193 1863 306 1920 notula
331 1858 365 1915 io
392 1856 482 1917 Varr.
504 1857 631 1931 Lecta,
657 1877 750 1937 quam
777 1868 922 1915 accurate
942 1853 1113 1935 descripsi,
1138 1860 1296 1939 suspicari

192 1947 279 2005 licet.
324 1940 419 2001 Unde
436 1956 468 2001 et
481 1939 564 1999 idem
577 1942 660 2001 Luc.
677 1941 768 1999 Asin.
788 1962 814 1998 c.
830 1947 882 2004 22.
895 1954 974 2002 extr.
994 1962 1051 2021 pro
1069 1946 1206 2017 vulgato
1222 1946 1297 2025 φησὶ

155 2099 157 2105 Ι
193 2051 232 2096 ex
248 2026 309 2088 Ed.
332 2027 425 2088 Salm.
444 2023 547 2084 edidit
570 2029 662 2102 maci,
686 2024 878 2107 reprobante
900 2024 1027 2106 quidem
1047 2023 1216 2104 Gourierio,
1241 2028 1296 2111 qui

193 2112 231 2172 ad
255 2113 345 2170 illum
370 2114 476 2169 locum
500 2131 532 2190 p.
550 2119 623 2178 230.
645 2115 809 2190 complura
831 2106 922 2167 affert
942 2110 1076 2169 aliorum
1100 2112 1309 2193 scriptorum·

193 2203 282 2269 loca,
318 2194 376 2254 ubi
401 2196 477 2275 φησὶ
500 2195 653 2276 scripturn
682 2210 785 2256 exstet
812 2214 870 2274 pro
890 2192 1021 2253 rectiori
1044 2200 1130 2275 φασί.
1177 2197 1296 2258 Verum

193 2281 275 2341 mibi
294 2276 423 2364 quidem
442 2284 510 2361 ejus
535 2281 659 2362 generis
679 2292 809 2360 peccata
829 2276 1031 2337 librariorum
1050 2281 1181 2360 potius,
1205 2298 1294 2367 quarn

194 2367 338 2448 ipsorum
356 2364 566 2444 scriptorum,
591 2364 806 2448 negligentiae
824 2360 993 2422 tribuenda
1014 2363 1175 2426 videntur.
1209 2374 1227 2443 (
1238 2366 1304 2427 Hir

192 2456 255 2532 jam
270 2449 462 2528 conscriptis
478 2448 636 2507 indicavit
658 2450 738 2508 mihi
753 2447 889 2507 amiciss.
906 2446 1141 2527 Stallbaumim,
1166 2450 1297 2512 in1Pla-

193 2539 270 2595 torris
282 2526 381 2616 Gorg.
405 2537 524 2613 p.1522.
542 2535 580 2592 E.
594 2532 644 2595 ed.
667 2534 765 2616 Serpit.
789 2552 896 2591 omues
918 2531 1010 2595 editt.
1033 2551 1064 2594 et
1081 2536 1182 2596 libros
1200 2558 1297 2595 manu

192 2620 349 2696 scriptos,
371 2616 484 2681 ’Ἄκουε
503 2613 555 2696 dri,
586 2640 677 2697 φασι,
703 2617 870 2691 exhibere,
904 2619 979 2697 φησὶ
1002 2638 1077 2679 vero
1100 2617 1297 2683 Plutarchum
1327 2640 1331 2651 ·

193 2719 225 2762 et
250 2701 506 2783 Stobaeunr,-qui
531 2701 898 2783 locum-exscripserint.
946 2701 1093 2762 Addebat
1114 2704 1214 2765 etiam
1240 2704 1299 2765 vir

192 2787 403 2848 lectissimus:
425 2785 551 2867 „Apud
565 2788 697 2847 seriores
718 2787 844 2869 quidem
864 2787 1035 2867 scriptores
1053 2791 1130 2868 φησὶ
1143 2812 1205 2871 pro
1224 2790 1300 2870 meai

193 2892 345 2931 occurere
360 2869 455 2930 docet
473 2875 568 2953 Τονρ.
588 2872 625 2930 ad
643 2873 771 2952 Longin.
790 2892 821 2951 p.
839 2876 911 2938 275.
930 2873 983 2930 sed
1003 2873 1087 2943 apud
1104 2874 1227 2953 probos
1248 2898 1301 2937 re-

192 2957 290 3037 periri
307 2956 441 3015 omnino
460 2973 554 3037 negat
572 2957 731 3041 Heindorf
755 2978 824 3037 pag·
839 2962 964 3035 262·“)
1007 2959 1067 3018 Pro
1082 2951 1192 3039 ἐνῆκε,
1214 2958 1301 3042 quod

192 3041 343 3114 Reitzins,
369 3040 596 3119 praeeuntibus
614 3043 774 3122 plerisque
788 3039 871 3099 Edd.
898 3041 1081 3114 veteribus,
1105 3058 1137 3103 et
1162 3059 1298 3105 recentt.

192 3124 381 3199 ediderunt,
407 3126 557 3185 malebam
575 3127 734 3195 ἐνσέσεικε,
758 3124 845 3206 quod
863 3124 1012 3204 princeps
1034 3128 1245 3206 Florentino,
1268 3142 1300 3189 et

192 3209 338 3290 quinque
352 3208 455 3270 Codri.
468 3224 611 3287 tuentur,
636 3214 790 3291 recipere.
826 3208 877 3269 Cf.
890 3212 944 3270 De
958 3212 1061 3273 li‘ierc.
1078 3210 1184 3272 Coud.
1200 3234 1229 3278 c.
1245 3220 1298 3282 80.

190 3294 312 3354 Lnrrnr.

274 3394 352 3455 Eod.
371 3400 389 3458 1.
407 3403 436 3462 7.
464 3399 570 3474 Φὲρων
591 3432 634 3444 -
655 3398 766 3478 ἐνῆκε)
788 3394 865 3460 vid.
886 3406 955 3456 nos¹
964 3395 1002 3458 de
1022 3397 1082 3457 bac
1103 3397 1217 3480 phrasi
1241 3422 1300 3461 su-

190 3501 262 3560 pra,
286 3478 324 3538 ad
341 3482 428 3545 Dial.
444 3479 482 3541 de
503 3483 606 3542 Mera.
622 3482 716 3546 cond.
733 3504 800 3567 cap.
813 3489 866 3548 24.
895 3503 976 3566 quae
995 3486 1048 3543 vel
1071 3498 1139 3563 ter,
1163 3482 1297 3567 quater,

191 3563 301 3626 eodem
317 3564 406 3628 Dial.
422 3565 566 3628 recurrit.
588 3568 713 3629 Rnrnz.
1001 3608 1004 3613 -

272 3682 351 3746 End.
374 3689 396 3746 l.
414 3691 463 3750 10.
489 3683 599 3768 Πρός)
621 3686 729 3766 Hinc,
758 3701 795 3747 ut
815 3708 855 3748 ex
874 3686 948 3747 aliis
970 3685 1071 3764 locis,
1094 3700 1204 3768 patet,
1226 3686 1299 3749 Lu·-

90 3814 96 3823 .
189 3770 308 3831 cinnum
321 3790 427 3829 senem
445 3768 615 3830 admodum
633 3788 805 3832 mortuum.
828 3771 906 3833 Non
922 3771 979 3831 diu
994 3785 1100 3833 autern
1116 3771 1152 3829 in
1167 3772 1299 3855 Aegyp·

188 3865 249 3930 πο,ι
271 3851 300 3910 si
321 3852 450 3935 quidem
473 3876 510 3914 eo
533 3859 734 3935 pervenerit,
752 3856 893 3931 -vixisse,
920 3854 997 3917 inde
1020 3855 1185 3936 conjicio,
1210 3852 1301 3937 quod

186 3934 221 3994 in
238 3932 297 4011 iis,
322 3938 378 4019 qui
393 3955 582 4020 supersoot,
598 3941 734 4011 ¹libeliis
754 3940 839 4000 nihil
854 3943 916 4020 sit,
939 3962 978 4000 ex
997 3962 1063 4022 quo
1080 3957 1171 4001 certo
1188 3941 1301 4023 conji-
1325 3970 1331 3979 ·

187 4022 386 4096 serentem,
410 4025 445 4082 in
462 4027 612 4107 Aegypto
626 4025 748 4106 fuisse3
770 4025 835 4085 nisi
852 4025 924 4107 quis
948 4026 1300 4106 forsaa=pntes.‚.quse

185 4102 225 4165 ds
241 4105 319 4164 Diis
332 4110 566 4192 Aegyptiorum
580 4109 613 4166 iri
631 4108 751 4185 libello,
761 4108 801 4179 de
816 4108 991 4181 sacrificiis
1007 4116 1102 4177 c.·14.
1117 4108 1236 4191 babet,
1259 4108 1298 4169 ab
