<?xml version="1.0" encoding="UTF-8"?>
<!DOCTYPE html PUBLIC "-//W3C//DTD XHTML 1.0 Transitional//EN"
    "http://www.w3.org/TR/xhtml1/DTD/xhtml1-transitional.dtd">
<html xmlns="http://www.w3.org/1999/xhtml" xml:lang="en" lang="en">
 <head>
  <title>
</title>
<meta http-equiv="Content-Type" content="text/html;charset=utf-8" />
  <meta name='ocr-system' content='tesseract 3.04.00' />
  <meta name='ocr-capabilities' content='ocr_page ocr_carea ocr_par ocr_line ocrx_word'/>
</head>
<body>
  <div class='ocr_page' id='page_1' title='image "./lucianisamosate05lehmgoog_0668.png"; bbox 0 0 2678 4800; ppageno 0'>
   <div class='ocr_carea' id='block_1_1' title="bbox 160 370 1072 457">
    <p class='ocr_par' dir='ltr' id='par_1_1' title="bbox 160 370 1072 457">
     <span class='ocr_line' id='line_1_1' title="bbox 160 370 1072 457; baseline -0.021 1"><span class='ocrx_word' id='word_1_1' title='bbox 160 379 287 457; x_wconf 56' lang='lat' dir='ltr'>1ffi6</span> <span class='ocrx_word' id='word_1_2' title='bbox 500 370 1072 446; x_wconf 62' lang='lat' dir='ltr'>assonationes</span> 
     </span>
    </p>
   </div>
   <div class='ocr_carea' id='block_1_2' title="bbox 209 532 1307 792">
    <p class='ocr_par' dir='ltr' id='par_1_2' title="bbox 209 532 1307 792">
     <span class='ocr_line' id='line_1_2' title="bbox 211 532 1307 617; baseline -0.015 -4"><span class='ocrx_word' id='word_1_3' title='bbox 211 564 260 613; x_wconf 89' lang='lat' dir='ltr'>ter</span> <span class='ocrx_word' id='word_1_4' title='bbox 273 543 411 609; x_wconf 81' lang='lat' dir='ltr'>Belinum</span> <span class='ocrx_word' id='word_1_5' title='bbox 432 532 623 603; x_wconf 75' lang='lat' dir='ltr'>interturia</span> <span class='ocrx_word' id='word_1_6' title='bbox 644 537 780 603; x_wconf 78' lang='lat' dir='ltr'>consilia</span> <span class='ocrx_word' id='word_1_7' title='bbox 803 536 1032 616; x_wconf 83' lang='lat' dir='ltr'>fluctuantem,</span> <span class='ocrx_word' id='word_1_8' title='bbox 1057 534 1226 617; x_wconf 83' lang='lat' dir='ltr'>Gailiusin</span> <span class='ocrx_word' id='word_1_9' title='bbox 1242 539 1307 599; x_wconf 83' lang='lat' dir='ltr'>Di-</span> 
     </span>
     <span class='ocr_line' id='line_1_3' title="bbox 210 620 1305 706; baseline -0.012 -10"><span class='ocrx_word' id='word_1_10' title='bbox 210 653 316 696; x_wconf 84' lang='lat' dir='ltr'>verses</span> <span class='ocrx_word' id='word_1_11' title='bbox 340 627 466 690; x_wconf 75' lang='lat' dir='ltr'>Traites</span> <span class='ocrx_word' id='word_1_12' title='bbox 483 641 543 688; x_wconf 89' lang='lat' dir='ltr'>etc.</span> <span class='ocrx_word' id='word_1_13' title='bbox 565 646 597 706; x_wconf 90' lang='lat' dir='ltr'>p.</span> <span class='ocrx_word' id='word_1_14' title='bbox 612 629 663 692; x_wconf 69' lang='lat'>25.</span> <span class='ocrx_word' id='word_1_15' title='bbox 687 624 864 701; x_wconf 75' lang='lat' dir='ltr'>(referente</span> <span class='ocrx_word' id='word_1_16' title='bbox 886 624 1028 686; x_wconf 88' lang='lat' dir='ltr'>Censore</span> <span class='ocrx_word' id='word_1_17' title='bbox 1050 621 1129 684; x_wconf 79' lang='lat' dir='ltr'>odit.</span> <span class='ocrx_word' id='word_1_18' title='bbox 1151 620 1305 685; x_wconf 88' lang='lat' dir='ltr'>Scbmied.</span> 
     </span>
     <span class='ocr_line' id='line_1_4' title="bbox 209 707 1303 792; baseline -0.014 -11"><span class='ocrx_word' id='word_1_19' title='bbox 209 716 306 780; x_wconf 84' lang='lat' dir='ltr'>Tomi</span> <span class='ocrx_word' id='word_1_20' title='bbox 324 715 351 776; x_wconf 90' lang='lat'>1.</span> <span class='ocrx_word' id='word_1_21' title='bbox 367 713 401 770; x_wconf 93' lang='lat' dir='ltr'>in</span> <span class='ocrx_word' id='word_1_22' title='bbox 417 707 644 792; x_wconf 87' lang='lat' dir='ltr'>Ephemeridd.</span> <span class='ocrx_word' id='word_1_23' title='bbox 655 709 800 771; x_wconf 88' lang='lat' dir='ltr'>Jenenss.</span> <span class='ocrx_word' id='word_1_24' title='bbox 814 728 840 771; x_wconf 87' lang='lat' dir='ltr'>a.</span> <span class='ocrx_word' id='word_1_25' title='bbox 859 716 952 775; x_wconf 89' lang='grc'>1800.</span> <span class='ocrx_word' id='word_1_26' title='bbox 970 708 1150 775; x_wconf 78' lang='lat' dir='ltr'>Num.122.</span> <span class='ocrx_word' id='word_1_27' title='bbox 1169 730 1200 792; x_wconf 88' lang='lat' dir='ltr'>p.</span> <span class='ocrx_word' id='word_1_28' title='bbox 1210 712 1303 785; x_wconf 77' lang='lat'>240.)‚</span> 
     </span>
    </p>
   </div>
   <div class='ocr_carea' id='block_1_3' title="bbox 193 792 1301 4195">
    <p class='ocr_par' dir='ltr' id='par_1_3' title="bbox 193 792 1301 4195">
     <span class='ocr_line' id='line_1_5' title="bbox 210 792 1301 876; baseline -0.011 -13"><span class='ocrx_word' id='word_1_29' title='bbox 210 805 320 865; x_wconf 84' lang='lat' dir='ltr'>forsan</span> <span class='ocrx_word' id='word_1_30' title='bbox 344 797 439 857; x_wconf 87' lang='lat' dir='ltr'>etiam</span> <span class='ocrx_word' id='word_1_31' title='bbox 463 793 546 852; x_wconf 85' lang='lat' dir='ltr'>idem</span> <span class='ocrx_word' id='word_1_32' title='bbox 568 793 622 852; x_wconf 93' lang='lat' dir='ltr'>hic</span> <span class='ocrx_word' id='word_1_33' title='bbox 638 815 768 869; x_wconf 90' lang='lat' dir='ltr'>censor,</span> <span class='ocrx_word' id='word_1_34' title='bbox 789 806 820 854; x_wconf 91' lang='lat' dir='ltr'>et</span> <span class='ocrx_word' id='word_1_35' title='bbox 837 792 1041 854; x_wconf 77' lang='lat' dir='ltr'>Schmiederus</span> <span class='ocrx_word' id='word_1_36' title='bbox 1054 807 1170 876; x_wconf 86' lang='lat' dir='ltr'>postea</span> <span class='ocrx_word' id='word_1_37' title='bbox 1193 793 1301 875; x_wconf 84' lang='lat' dir='ltr'>ipsein</span> 
     </span>
     <span class='ocr_line' id='line_1_6' title="bbox 210 875 1300 960; baseline -0.009 -13"><span class='ocrx_word' id='word_1_38' title='bbox 210 891 304 947; x_wconf 89' lang='lat' dir='ltr'>Tom.</span> <span class='ocrx_word' id='word_1_39' title='bbox 324 882 368 944; x_wconf 91' lang='lat' dir='ltr'>II.</span> <span class='ocrx_word' id='word_1_40' title='bbox 383 901 414 960; x_wconf 90' lang='lat' dir='ltr'>p.</span> <span class='ocrx_word' id='word_1_41' title='bbox 429 877 636 954; x_wconf 65' lang='lat' dir='ltr'>XXXVIII„</span> <span class='ocrx_word' id='word_1_42' title='bbox 659 877 798 957; x_wconf 89' lang='lat' dir='ltr'>denique</span> <span class='ocrx_word' id='word_1_43' title='bbox 823 875 856 940; x_wconf 84' lang='lat' dir='ltr'>C.</span> <span class='ocrx_word' id='word_1_44' title='bbox 874 876 910 941; x_wconf 89' lang='lat' dir='ltr'>G.</span> <span class='ocrx_word' id='word_1_45' title='bbox 926 877 1057 938; x_wconf 75' lang='lat' dir='ltr'>Iacobus</span> <span class='ocrx_word' id='word_1_46' title='bbox 1071 878 1106 936; x_wconf 91' lang='lat' dir='ltr'>in</span> <span class='ocrx_word' id='word_1_47' title='bbox 1126 876 1213 938; x_wconf 89' lang='lat' dir='ltr'>Bibl.</span> <span class='ocrx_word' id='word_1_48' title='bbox 1230 879 1300 938; x_wconf 85' lang='lat' dir='ltr'>Ctit.</span> 
     </span>
     <span class='ocr_line' id='line_1_7' title="bbox 209 959 1299 1045; baseline -0.006 -16"><span class='ocrx_word' id='word_1_49' title='bbox 209 969 336 1034; x_wconf 86' lang='lat' dir='ltr'>Hildes.</span> <span class='ocrx_word' id='word_1_50' title='bbox 353 968 390 1028; x_wconf 90' lang='lat' dir='ltr'>T.</span> <span class='ocrx_word' id='word_1_51' title='bbox 407 964 434 1024; x_wconf 90' lang='grc' dir='ltr'>Ι.</span> <span class='ocrx_word' id='word_1_52' title='bbox 451 965 477 1021; x_wconf 92' lang='lat' dir='ltr'><strong>F</strong></span> <span class='ocrx_word' id='word_1_53' title='bbox 479 984 538 1025; x_wconf 84' lang='lat' dir='ltr'>asc.</span> <span class='ocrx_word' id='word_1_54' title='bbox 553 969 582 1027; x_wconf 81' lang='lat'>2.</span> <span class='ocrx_word' id='word_1_55' title='bbox 600 976 633 1021; x_wconf 87' lang='lat' dir='ltr'>et</span> <span class='ocrx_word' id='word_1_56' title='bbox 647 971 678 1030; x_wconf 83' lang='grc'>3.</span> <span class='ocrx_word' id='word_1_57' title='bbox 693 985 725 1043; x_wconf 87' lang='lat' dir='ltr'>p.</span> <span class='ocrx_word' id='word_1_58' title='bbox 742 969 814 1028; x_wconf 77' lang='lat'><strong>280.</strong></span> <span class='ocrx_word' id='word_1_59' title='bbox 832 982 877 1045; x_wconf 85' lang='lat' dir='ltr'>sq.</span> <span class='ocrx_word' id='word_1_60' title='bbox 920 962 990 1024; x_wconf 87' lang='lat' dir='ltr'>Neo</span> <span class='ocrx_word' id='word_1_61' title='bbox 1004 959 1211 1027; x_wconf 84' lang='lat' dir='ltr'>diffitendum</span> <span class='ocrx_word' id='word_1_62' title='bbox 1224 983 1299 1038; x_wconf 84' lang='lat' dir='ltr'>sane,</span> 
     </span>
     <span class='ocr_line' id='line_1_8' title="bbox 209 1042 1300 1132; baseline -0.008 -17"><span class='ocrx_word' id='word_1_63' title='bbox 209 1056 238 1116; x_wconf 90' lang='lat' dir='ltr'>si</span> <span class='ocrx_word' id='word_1_64' title='bbox 255 1047 442 1132; x_wconf 85' lang='lat' dir='ltr'>corrigenda</span> <span class='ocrx_word' id='word_1_65' title='bbox 456 1047 499 1106; x_wconf 87' lang='lat' dir='ltr'>sit</span> <span class='ocrx_word' id='word_1_66' title='bbox 513 1046 655 1106; x_wconf 84' lang='lat' dir='ltr'>omnium</span> <span class='ocrx_word' id='word_1_67' title='bbox 678 1048 811 1106; x_wconf 89' lang='lat' dir='ltr'>omuino</span> <span class='ocrx_word' id='word_1_68' title='bbox 831 1060 956 1126; x_wconf 84' lang='lat' dir='ltr'>praeter</span> <span class='ocrx_word' id='word_1_69' title='bbox 970 1042 1046 1109; x_wconf 85' lang='lat' dir='ltr'>Goll.</span> <span class='ocrx_word' id='word_1_70' title='bbox 1064 1046 1224 1107; x_wconf 89' lang='lat' dir='ltr'>librorum</span> <span class='ocrx_word' id='word_1_71' title='bbox 1239 1051 1300 1109; x_wconf 85' lang='lat' dir='ltr'>lec-</span> 
     </span>
     <span class='ocr_line' id='line_1_9' title="bbox 209 1129 1299 1211; baseline -0.002 -18"><span class='ocrx_word' id='word_1_72' title='bbox 209 1140 276 1210; x_wconf 85' lang='lat' dir='ltr'>tio,</span> <span class='ocrx_word' id='word_1_73' title='bbox 308 1133 391 1193; x_wconf 86' lang='lat' dir='ltr'>hanc</span> <span class='ocrx_word' id='word_1_74' title='bbox 413 1131 569 1192; x_wconf 88' lang='lat' dir='ltr'>rationem</span> <span class='ocrx_word' id='word_1_75' title='bbox 591 1130 732 1189; x_wconf 89' lang='lat' dir='ltr'>omnium</span> <span class='ocrx_word' id='word_1_76' title='bbox 757 1129 910 1211; x_wconf 86' lang='lat' dir='ltr'>optimam</span> <span class='ocrx_word' id='word_1_77' title='bbox 934 1129 1112 1191; x_wconf 79' lang='lat' dir='ltr'>habendam</span> <span class='ocrx_word' id='word_1_78' title='bbox 1134 1151 1216 1194; x_wconf 86' lang='lat' dir='ltr'>esse.</span> <span class='ocrx_word' id='word_1_79' title='bbox 1263 1133 1299 1191; x_wconf 80' lang='lat' dir='ltr'>tr</span> 
     </span>
     <span class='ocr_line' id='line_1_10' title="bbox 208 1213 1298 1298; baseline -0.008 -16"><span class='ocrx_word' id='word_1_80' title='bbox 208 1244 276 1284; x_wconf 91' lang='lat' dir='ltr'>non</span> <span class='ocrx_word' id='word_1_81' title='bbox 299 1231 364 1295; x_wconf 86' lang='lat' dir='ltr'>est,</span> <span class='ocrx_word' id='word_1_82' title='bbox 390 1214 477 1298; x_wconf 90' lang='lat' dir='ltr'>quod</span> <span class='ocrx_word' id='word_1_83' title='bbox 499 1213 693 1298; x_wconf 82' lang='lat' dir='ltr'>corrigamus</span> <span class='ocrx_word' id='word_1_84' title='bbox 717 1216 820 1296; x_wconf 90' lang='lat' dir='ltr'>ipsius</span> <span class='ocrx_word' id='word_1_85' title='bbox 841 1214 975 1275; x_wconf 85' lang='lat' dir='ltr'>Lucioni</span> <span class='ocrx_word' id='word_1_86' title='bbox 995 1224 1135 1279; x_wconf 80' lang='lat' dir='ltr'>manum.</span> <span class='ocrx_word' id='word_1_87' title='bbox 1180 1217 1298 1277; x_wconf 79' lang='lat' dir='ltr'>Amavit</span> 
     </span>
     <span class='ocr_line' id='line_1_11' title="bbox 208 1298 1297 1382; baseline -0.006 -15"><span class='ocrx_word' id='word_1_88' title='bbox 208 1306 294 1368; x_wconf 88' lang='lat' dir='ltr'>enim</span> <span class='ocrx_word' id='word_1_89' title='bbox 309 1303 447 1382; x_wconf 83' lang='lat' dir='ltr'>scriptor</span> <span class='ocrx_word' id='word_1_90' title='bbox 466 1314 576 1361; x_wconf 85' lang='lat' dir='ltr'>noster</span> <span class='ocrx_word' id='word_1_91' title='bbox 593 1299 721 1358; x_wconf 89' lang='lat' dir='ltr'>verbum</span> <span class='ocrx_word' id='word_1_92' title='bbox 743 1303 857 1364; x_wconf 80' lang='grc' dir='ltr'><strong><em>σαίνειν</em></strong></span> <span class='ocrx_word' id='word_1_93' title='bbox 872 1319 937 1358; x_wconf 90' lang='lat' dir='ltr'>non</span> <span class='ocrx_word' id='word_1_94' title='bbox 954 1302 1056 1359; x_wconf 91' lang='lat' dir='ltr'>solum</span> <span class='ocrx_word' id='word_1_95' title='bbox 1074 1298 1228 1381; x_wconf 86' lang='lat' dir='ltr'>proprio,</span> <span class='ocrx_word' id='word_1_96' title='bbox 1252 1298 1297 1361; x_wconf 82' lang='lat' dir='ltr'>ssd</span> 
     </span>
     <span class='ocr_line' id='line_1_12' title="bbox 207 1382 1298 1466; baseline -0.006 -14"><span class='ocrx_word' id='word_1_97' title='bbox 207 1392 303 1453; x_wconf 86' lang='lat' dir='ltr'>etiam</span> <span class='ocrx_word' id='word_1_98' title='bbox 322 1389 486 1454; x_wconf 79' lang='lat' dir='ltr'>translato,</span> <span class='ocrx_word' id='word_1_99' title='bbox 509 1404 603 1443; x_wconf 88' lang='lat' dir='ltr'>sensu</span> <span class='ocrx_word' id='word_1_100' title='bbox 620 1382 781 1446; x_wconf 86' lang='lat' dir='ltr'>adhibere.</span> <span class='ocrx_word' id='word_1_101' title='bbox 828 1382 935 1466; x_wconf 84' lang='lat' dir='ltr'>Quum</span> <span class='ocrx_word' id='word_1_102' title='bbox 952 1383 1035 1445; x_wconf 90' lang='lat' dir='ltr'>enim</span> <span class='ocrx_word' id='word_1_103' title='bbox 1052 1383 1188 1465; x_wconf 81' lang='lat' dir='ltr'>proprie</span> <span class='ocrx_word' id='word_1_104' title='bbox 1203 1390 1254 1446; x_wconf 82' lang='lat' dir='ltr'>vel</span> <span class='ocrx_word' id='word_1_105' title='bbox 1266 1384 1298 1445; x_wconf 79' lang='lat' dir='ltr'>dt</span> 
     </span>
     <span class='ocr_line' id='line_1_13' title="bbox 208 1466 1297 1551; baseline -0.001 -17"><span class='ocrx_word' id='word_1_106' title='bbox 208 1472 339 1534; x_wconf 90' lang='lat' dir='ltr'>canibus</span> <span class='ocrx_word' id='word_1_107' title='bbox 361 1473 418 1548; x_wconf 92' lang='lat' dir='ltr'>(ut</span> <span class='ocrx_word' id='word_1_108' title='bbox 433 1468 541 1551; x_wconf 80' lang='lat' dir='ltr'>Fugit.</span> <span class='ocrx_word' id='word_1_109' title='bbox 555 1490 581 1526; x_wconf 91' lang='lat' dir='ltr'>c.</span> <span class='ocrx_word' id='word_1_110' title='bbox 602 1473 673 1544; x_wconf 83' lang='lat'>16.)</span> <span class='ocrx_word' id='word_1_111' title='bbox 695 1472 747 1527; x_wconf 89' lang='lat' dir='ltr'>vel</span> <span class='ocrx_word' id='word_1_112' title='bbox 770 1466 809 1528; x_wconf 90' lang='lat' dir='ltr'>de</span> <span class='ocrx_word' id='word_1_113' title='bbox 830 1466 980 1529; x_wconf 87' lang='lat' dir='ltr'>leonibus</span> <span class='ocrx_word' id='word_1_114' title='bbox 1003 1474 1062 1541; x_wconf 92' lang='lat' dir='ltr'>(ut</span> <span class='ocrx_word' id='word_1_115' title='bbox 1084 1468 1188 1529; x_wconf 83' lang='lat' dir='ltr'>DialL</span> <span class='ocrx_word' id='word_1_116' title='bbox 1207 1471 1297 1532; x_wconf 80' lang='lat' dir='ltr'>Deos·</span> 
     </span>
     <span class='ocr_line' id='line_1_14' title="bbox 206 1546 1295 1634; baseline -0.004 -17"><span class='ocrx_word' id='word_1_117' title='bbox 206 1546 285 1634; x_wconf 85' lang='lat' dir='ltr'>Xll,</span> <span class='ocrx_word' id='word_1_118' title='bbox 299 1558 349 1629; x_wconf 80' lang='lat'>2.)</span> <span class='ocrx_word' id='word_1_119' title='bbox 366 1558 418 1615; x_wconf 86' lang='lat' dir='ltr'>vel</span> <span class='ocrx_word' id='word_1_120' title='bbox 435 1553 531 1613; x_wconf 87' lang='lat' dir='ltr'>etiam</span> <span class='ocrx_word' id='word_1_121' title='bbox 550 1551 590 1610; x_wconf 87' lang='lat' dir='ltr'>de</span> <span class='ocrx_word' id='word_1_122' title='bbox 604 1551 719 1612; x_wconf 88' lang='lat' dir='ltr'>belluis</span> <span class='ocrx_word' id='word_1_123' title='bbox 734 1553 864 1612; x_wconf 89' lang='lat' dir='ltr'>marinis</span> <span class='ocrx_word' id='word_1_124' title='bbox 881 1566 927 1624; x_wconf 71' lang='lat' dir='ltr'>tut</span> <span class='ocrx_word' id='word_1_125' title='bbox 939 1551 1083 1632; x_wconf 87' lang='lat' dir='ltr'>Philops.</span> <span class='ocrx_word' id='word_1_126' title='bbox 1100 1558 1214 1631; x_wconf 77' lang='lat' dir='ltr'>c.34.)‚</span> <span class='ocrx_word' id='word_1_127' title='bbox 1237 1575 1295 1615; x_wconf 88' lang='lat' dir='ltr'>cau·</span> 
     </span>
     <span class='ocr_line' id='line_1_15' title="bbox 208 1636 1296 1719; baseline -0.006 -16"><span class='ocrx_word' id='word_1_128' title='bbox 208 1642 264 1703; x_wconf 89' lang='lat' dir='ltr'>das</span> <span class='ocrx_word' id='word_1_129' title='bbox 281 1638 477 1701; x_wconf 82' lang='lat' dir='ltr'>adulationis</span> <span class='ocrx_word' id='word_1_130' title='bbox 497 1656 605 1696; x_wconf 89' lang='lat' dir='ltr'>caussa</span> <span class='ocrx_word' id='word_1_131' title='bbox 624 1638 853 1717; x_wconf 80' lang='lat' dir='ltr'>quatientibus,</span> <span class='ocrx_word' id='word_1_132' title='bbox 877 1636 1011 1713; x_wconf 88' lang='lat' dir='ltr'>dicatur,</span> <span class='ocrx_word' id='word_1_133' title='bbox 1035 1637 1249 1719; x_wconf 80' lang='lat' dir='ltr'>maximeque,</span> <span class='ocrx_word' id='word_1_134' title='bbox 1269 1636 1296 1697; x_wconf 88' lang='lat' dir='ltr'>id</span> 
     </span>
     <span class='ocr_line' id='line_1_16' title="bbox 208 1720 1295 1809; baseline -0.006 -23"><span class='ocrx_word' id='word_1_135' title='bbox 208 1725 295 1809; x_wconf 91' lang='lat' dir='ltr'>quod</span> <span class='ocrx_word' id='word_1_136' title='bbox 312 1723 376 1784; x_wconf 91' lang='lat' dir='ltr'>duo</span> <span class='ocrx_word' id='word_1_137' title='bbox 400 1735 558 1803; x_wconf 84' lang='lat' dir='ltr'>postrema</span> <span class='ocrx_word' id='word_1_138' title='bbox 577 1726 719 1801; x_wconf 87' lang='lat' dir='ltr'>exempla</span> <span class='ocrx_word' id='word_1_139' title='bbox 737 1728 820 1782; x_wconf 88' lang='lat' dir='ltr'>clare</span> <span class='ocrx_word' id='word_1_140' title='bbox 839 1720 972 1799; x_wconf 67' lang='lat' dir='ltr'>docent3</span> <span class='ocrx_word' id='word_1_141' title='bbox 996 1722 1073 1783; x_wconf 83' lang='lat' dir='ltr'>feris</span> <span class='ocrx_word' id='word_1_142' title='bbox 1087 1721 1220 1801; x_wconf 84' lang='lat' dir='ltr'>bestiis,</span> <span class='ocrx_word' id='word_1_143' title='bbox 1242 1728 1295 1805; x_wconf 76' lang='lat' dir='ltr'>Jaro</span> 
     </span>
     <span class='ocr_line' id='line_1_17' title="bbox 208 1803 1295 1888; baseline -0.001 -17"><span class='ocrx_word' id='word_1_144' title='bbox 208 1810 340 1871; x_wconf 86' lang='lat' dir='ltr'>domitis</span> <span class='ocrx_word' id='word_1_145' title='bbox 355 1822 388 1868; x_wconf 88' lang='lat' dir='ltr'>et</span> <span class='ocrx_word' id='word_1_146' title='bbox 408 1804 448 1865; x_wconf 85' lang='lat' dir='ltr'>ad</span> <span class='ocrx_word' id='word_1_147' title='bbox 463 1803 738 1865; x_wconf 84' lang='lat' dir='ltr'>mansuetudinem</span> <span class='ocrx_word' id='word_1_148' title='bbox 754 1805 908 1881; x_wconf 85' lang='lat' dir='ltr'>redactis,</span> <span class='ocrx_word' id='word_1_149' title='bbox 933 1805 1112 1866; x_wconf 77' lang='lat' dir='ltr'>tribuaturs</span> <span class='ocrx_word' id='word_1_150' title='bbox 1136 1808 1258 1888; x_wconf 82' lang='lat' dir='ltr'>optime</span> <span class='ocrx_word' id='word_1_151' title='bbox 1271 1805 1295 1869; x_wconf 90' lang='lat' dir='ltr'>b.</span> 
     </span>
     <span class='ocr_line' id='line_1_18' title="bbox 205 1888 1297 1973; baseline -0.003 -16"><span class='ocrx_word' id='word_1_152' title='bbox 205 1900 228 1957; x_wconf 92' lang='lat'>1.</span> <span class='ocrx_word' id='word_1_153' title='bbox 243 1917 261 1955; x_wconf 89' lang='lat' dir='ltr'>a</span> <span class='ocrx_word' id='word_1_154' title='bbox 274 1893 378 1953; x_wconf 89' lang='lat' dir='ltr'>libelli</span> <span class='ocrx_word' id='word_1_155' title='bbox 393 1903 524 1951; x_wconf 84' lang='lat' dir='ltr'>auctore</span> <span class='ocrx_word' id='word_1_156' title='bbox 540 1895 655 1953; x_wconf 80' lang='grc' dir='ltr'><strong><em>σαίνειν</em></strong></span> <span class='ocrx_word' id='word_1_157' title='bbox 669 1888 732 1950; x_wconf 90' lang='lat' dir='ltr'>dici</span> <span class='ocrx_word' id='word_1_158' title='bbox 752 1891 861 1971; x_wconf 89' lang='lat' dir='ltr'>potuit</span> <span class='ocrx_word' id='word_1_159' title='bbox 875 1892 911 1968; x_wconf 88' lang='lat' dir='ltr'>is,</span> <span class='ocrx_word' id='word_1_160' title='bbox 935 1911 1029 1973; x_wconf 88' lang='lat' dir='ltr'>quem</span> <span class='ocrx_word' id='word_1_161' title='bbox 1042 1888 1141 1952; x_wconf 88' lang='lat' dir='ltr'>modo</span> <span class='ocrx_word' id='word_1_162' title='bbox 1157 1890 1297 1957; x_wconf 65' lang='grc' dir='ltr'><strong><em>τιθασσὸν</em></strong></span> 
     </span>
     <span class='ocr_line' id='line_1_19' title="bbox 205 1973 1294 2058; baseline -0.006 -18"><span class='ocrx_word' id='word_1_163' title='bbox 205 1981 328 2040; x_wconf 86' lang='lat' dir='ltr'>factum</span> <span class='ocrx_word' id='word_1_164' title='bbox 352 1973 605 2058; x_wconf 85' lang='lat' dir='ltr'>significaverat,</span> <span class='ocrx_word' id='word_1_165' title='bbox 629 1975 649 2033; x_wconf 88' lang='lat' dir='ltr'>i.</span> <span class='ocrx_word' id='word_1_166' title='bbox 664 1997 690 2038; x_wconf 87' lang='lat' dir='ltr'>e.</span> <span class='ocrx_word' id='word_1_167' title='bbox 708 1975 922 2036; x_wconf 69' lang='lat' dir='ltr'>remissiorem</span> <span class='ocrx_word' id='word_1_168' title='bbox 942 1996 977 2034; x_wconf 90' lang='lat' dir='ltr'>ac</span> <span class='ocrx_word' id='word_1_169' title='bbox 998 1974 1178 2037; x_wconf 88' lang='lat' dir='ltr'>molliorem</span> <span class='ocrx_word' id='word_1_170' title='bbox 1199 1978 1294 2051; x_wconf 87' lang='lat' dir='ltr'>iniis,</span> 
     </span>
     <span class='ocr_line' id='line_1_20' title="bbox 207 2055 1295 2145; baseline -0.002 -23"><span class='ocrx_word' id='word_1_171' title='bbox 207 2084 290 2145; x_wconf 87' lang='lat' dir='ltr'>quae</span> <span class='ocrx_word' id='word_1_172' title='bbox 304 2076 394 2120; x_wconf 89' lang='lat' dir='ltr'>antea</span> <span class='ocrx_word' id='word_1_173' title='bbox 410 2060 598 2119; x_wconf 85' lang='lat' dir='ltr'>somniasset</span> <span class='ocrx_word' id='word_1_174' title='bbox 614 2055 890 2141; x_wconf 80' lang='grc' dir='ltr'><strong><em>(ὀνειροπολήσας)</em></strong></span> <span class='ocrx_word' id='word_1_175' title='bbox 902 2059 965 2119; x_wconf 87' lang='lat' dir='ltr'>sibi</span> <span class='ocrx_word' id='word_1_176' title='bbox 981 2060 1175 2142; x_wconf 86' lang='lat' dir='ltr'>postulanda</span> <span class='ocrx_word' id='word_1_177' title='bbox 1191 2075 1225 2123; x_wconf 88' lang='lat' dir='ltr'>et</span> <span class='ocrx_word' id='word_1_178' title='bbox 1243 2083 1295 2123; x_wconf 80' lang='lat' dir='ltr'>ex-</span> 
     </span>
     <span class='ocr_line' id='line_1_21' title="bbox 205 2143 1295 2229; baseline -0.003 -22"><span class='ocrx_word' id='word_1_179' title='bbox 205 2144 394 2229; x_wconf 77' lang='lat' dir='ltr'>spectanda,</span> <span class='ocrx_word' id='word_1_180' title='bbox 418 2143 604 2227; x_wconf 84' lang='lat' dir='ltr'>ingentibus</span> <span class='ocrx_word' id='word_1_181' title='bbox 622 2144 729 2208; x_wconf 88' lang='lat' dir='ltr'>bonis.</span> <span class='ocrx_word' id='word_1_182' title='bbox 773 2144 865 2228; x_wconf 86' lang='lat' dir='ltr'>Quae</span> <span class='ocrx_word' id='word_1_183' title='bbox 886 2143 1015 2227; x_wconf 90' lang='lat' dir='ltr'>quidem</span> <span class='ocrx_word' id='word_1_184' title='bbox 1031 2143 1125 2204; x_wconf 88' lang='lat' dir='ltr'>notio</span> <span class='ocrx_word' id='word_1_185' title='bbox 1141 2167 1214 2205; x_wconf 90' lang='lat' dir='ltr'>cum</span> <span class='ocrx_word' id='word_1_186' title='bbox 1228 2146 1295 2205; x_wconf 87' lang='lat' dir='ltr'>uoi-</span> 
     </span>
     <span class='ocr_line' id='line_1_22' title="bbox 204 2228 1290 2314; baseline -0.003 -21"><span class='ocrx_word' id='word_1_187' title='bbox 204 2252 297 2293; x_wconf 87' lang='lat' dir='ltr'>verso</span> <span class='ocrx_word' id='word_1_188' title='bbox 320 2233 393 2289; x_wconf 90' lang='lat' dir='ltr'>loco</span> <span class='ocrx_word' id='word_1_189' title='bbox 418 2228 498 2289; x_wconf 83' lang='lat' dir='ltr'>odeo</span> <span class='ocrx_word' id='word_1_190' title='bbox 524 2229 603 2290; x_wconf 87' lang='lat' dir='ltr'>bene</span> <span class='ocrx_word' id='word_1_191' title='bbox 624 2229 792 2302; x_wconf 84' lang='lat' dir='ltr'>convenit,</span> <span class='ocrx_word' id='word_1_192' title='bbox 814 2245 852 2288; x_wconf 89' lang='lat' dir='ltr'>ut</span> <span class='ocrx_word' id='word_1_193' title='bbox 873 2250 1002 2310; x_wconf 83' lang='lat' dir='ltr'>prorsus</span> <span class='ocrx_word' id='word_1_194' title='bbox 1024 2248 1089 2288; x_wconf 88' lang='lat' dir='ltr'>uon</span> <span class='ocrx_word' id='word_1_195' title='bbox 1109 2229 1290 2314; x_wconf 75' lang='lat' dir='ltr'>intelligam,</span> 
     </span>
     <span class='ocr_line' id='line_1_23' title="bbox 206 2311 1294 2399; baseline 0 -23"><span class='ocrx_word' id='word_1_196' title='bbox 206 2312 368 2399; x_wconf 90' lang='lat' dir='ltr'>quomodo</span> <span class='ocrx_word' id='word_1_197' title='bbox 383 2313 472 2395; x_wconf 87' lang='lat' dir='ltr'>quis,</span> <span class='ocrx_word' id='word_1_198' title='bbox 496 2312 524 2371; x_wconf 90' lang='lat' dir='ltr'>si</span> <span class='ocrx_word' id='word_1_199' title='bbox 545 2335 610 2373; x_wconf 91' lang='lat' dir='ltr'>non</span> <span class='ocrx_word' id='word_1_200' title='bbox 628 2315 714 2374; x_wconf 88' lang='lat' dir='ltr'>omni</span> <span class='ocrx_word' id='word_1_201' title='bbox 732 2314 857 2396; x_wconf 87' lang='lat' dir='ltr'>judicio</span> <span class='ocrx_word' id='word_1_202' title='bbox 875 2327 994 2391; x_wconf 79' lang='lat' dir='ltr'>careat,</span> <span class='ocrx_word' id='word_1_203' title='bbox 1019 2311 1060 2372; x_wconf 89' lang='lat' dir='ltr'>ad</span> <span class='ocrx_word' id='word_1_204' title='bbox 1076 2311 1171 2373; x_wconf 84' lang='lat' dir='ltr'>aliam</span> <span class='ocrx_word' id='word_1_205' title='bbox 1188 2336 1294 2395; x_wconf 81' lang='lat' dir='ltr'>quam-</span> 
     </span>
     <span class='ocr_line' id='line_1_24' title="bbox 205 2395 1295 2481; baseline -0.002 -20"><span class='ocrx_word' id='word_1_206' title='bbox 205 2421 332 2481; x_wconf 87' lang='lat' dir='ltr'>cunque</span> <span class='ocrx_word' id='word_1_207' title='bbox 356 2398 545 2459; x_wconf 88' lang='lat' dir='ltr'>sententiam</span> <span class='ocrx_word' id='word_1_208' title='bbox 571 2399 728 2460; x_wconf 85' lang='lat' dir='ltr'>inclinare</span> <span class='ocrx_word' id='word_1_209' title='bbox 746 2399 899 2481; x_wconf 88' lang='lat' dir='ltr'>potuerit.</span> <span class='ocrx_word' id='word_1_210' title='bbox 944 2398 1063 2459; x_wconf 88' lang='lat' dir='ltr'>Verum</span> <span class='ocrx_word' id='word_1_211' title='bbox 1081 2395 1223 2461; x_wconf 83' lang='lat' dir='ltr'>offendit</span> <span class='ocrx_word' id='word_1_212' title='bbox 1242 2400 1295 2459; x_wconf 77' lang='lat' dir='ltr'>dc-</span> 
     </span>
     <span class='ocr_line' id='line_1_25' title="bbox 206 2478 1296 2566; baseline 0.001 -22"><span class='ocrx_word' id='word_1_213' title='bbox 206 2484 368 2545; x_wconf 84' lang='lat' dir='ltr'>cusetivus</span> <span class='ocrx_word' id='word_1_214' title='bbox 383 2482 444 2558; x_wconf 88' lang='lat' dir='ltr'>rei,</span> <span class='ocrx_word' id='word_1_215' title='bbox 467 2479 524 2561; x_wconf 77' lang='grc' dir='ltr'>τήν</span> <span class='ocrx_word' id='word_1_216' title='bbox 538 2478 710 2563; x_wconf 70' lang='grc' dir='ltr'><strong><em>ὑπόσχεσιν.</em></strong></span> <span class='ocrx_word' id='word_1_217' title='bbox 756 2483 868 2566; x_wconf 79' lang='lat' dir='ltr'>Quid?</span> <span class='ocrx_word' id='word_1_218' title='bbox 896 2483 1036 2543; x_wconf 86' lang='lat' dir='ltr'>aliumne</span> <span class='ocrx_word' id='word_1_219' title='bbox 1059 2497 1115 2560; x_wconf 89' lang='lat' dir='ltr'>tu,</span> <span class='ocrx_word' id='word_1_220' title='bbox 1138 2482 1167 2543; x_wconf 89' lang='lat' dir='ltr'>si</span> <span class='ocrx_word' id='word_1_221' title='bbox 1185 2484 1296 2547; x_wconf 76' lang='lat' dir='ltr'>Graece</span> 
     </span>
     <span class='ocr_line' id='line_1_26' title="bbox 205 2567 1299 2650; baseline 0.002 -22"><span class='ocrx_word' id='word_1_222' title='bbox 205 2571 335 2635; x_wconf 84' lang='lat' dir='ltr'>calleas,</span> <span class='ocrx_word' id='word_1_223' title='bbox 361 2581 392 2626; x_wconf 92' lang='lat' dir='ltr'>et</span> <span class='ocrx_word' id='word_1_224' title='bbox 414 2587 580 2649; x_wconf 85' lang='lat' dir='ltr'>quemnam</span> <span class='ocrx_word' id='word_1_225' title='bbox 604 2569 720 2644; x_wconf 80' lang='lat' dir='ltr'>alium,</span> <span class='ocrx_word' id='word_1_226' title='bbox 744 2567 938 2629; x_wconf 85' lang='lat' dir='ltr'>desiderabis</span> <span class='ocrx_word' id='word_1_227' title='bbox 960 2588 1086 2644; x_wconf 82' lang='lat' dir='ltr'>casum,</span> <span class='ocrx_word' id='word_1_228' title='bbox 1110 2588 1176 2650; x_wconf 90' lang='lat' dir='ltr'>quo</span> <span class='ocrx_word' id='word_1_229' title='bbox 1194 2588 1299 2630; x_wconf 78' lang='lat' dir='ltr'>caussa</span> 
     </span>
     <span class='ocr_line' id='line_1_27' title="bbox 202 2649 1297 2734; baseline -0.003 -18"><span class='ocrx_word' id='word_1_230' title='bbox 202 2657 261 2716; x_wconf 79' lang='lat' dir='ltr'>coti</span> <span class='ocrx_word' id='word_1_231' title='bbox 276 2653 390 2714; x_wconf 79' lang='grc' dir='ltr'><strong><em>σαίνειν</em></strong></span> <span class='ocrx_word' id='word_1_232' title='bbox 404 2649 544 2710; x_wconf 86' lang='lat' dir='ltr'>breviter</span> <span class='ocrx_word' id='word_1_233' title='bbox 558 2665 589 2711; x_wconf 89' lang='lat' dir='ltr'>et</span> <span class='ocrx_word' id='word_1_234' title='bbox 607 2655 746 2734; x_wconf 83' lang='lat' dir='ltr'>graviter</span> <span class='ocrx_word' id='word_1_235' title='bbox 762 2650 981 2732; x_wconf 78' lang='lat' dir='ltr'>exprimatur?</span> <span class='ocrx_word' id='word_1_236' title='bbox 1012 2651 1089 2713; x_wconf 84' lang='lat' dir='ltr'>Sive</span> <span class='ocrx_word' id='word_1_237' title='bbox 1105 2660 1231 2718; x_wconf 71' lang='grc' dir='ltr'><strong><em>σκοπεῖν</em></strong></span> <span class='ocrx_word' id='word_1_238' title='bbox 1246 2656 1297 2715; x_wconf 84' lang='lat' dir='ltr'>iu-</span> 
     </span>
     <span class='ocr_line' id='line_1_28' title="bbox 202 2730 1296 2821; baseline 0.003 -25"><span class='ocrx_word' id='word_1_239' title='bbox 202 2735 347 2821; x_wconf 82' lang='lat' dir='ltr'>telligas,</span> <span class='ocrx_word' id='word_1_240' title='bbox 379 2730 554 2812; x_wconf 74' lang='lat' dir='ltr'>sivexucd,</span> <span class='ocrx_word' id='word_1_241' title='bbox 585 2738 766 2797; x_wconf 86' lang='lat' dir='ltr'>siveetiam</span> <span class='ocrx_word' id='word_1_242' title='bbox 790 2734 858 2813; x_wconf 72' lang='lat' dir='ltr'>dcci,</span> <span class='ocrx_word' id='word_1_243' title='bbox 890 2739 1004 2801; x_wconf 88' lang='grc' dir='ltr'><strong><em>σαίνειν</em></strong></span> <span class='ocrx_word' id='word_1_244' title='bbox 1016 2737 1044 2799; x_wconf 79' lang='lat' dir='ltr'>ci</span> <span class='ocrx_word' id='word_1_245' title='bbox 1066 2734 1107 2796; x_wconf 82' lang='lat' dir='ltr'>ad</span> <span class='ocrx_word' id='word_1_246' title='bbox 1123 2740 1296 2820; x_wconf 86' lang='lat' dir='ltr'>genuinum</span> 
     </span>
     <span class='ocr_line' id='line_1_29' title="bbox 203 2819 1298 2902; baseline 0.003 -22"><span class='ocrx_word' id='word_1_247' title='bbox 203 2820 420 2881; x_wconf 89' lang='lat' dir='ltr'>Graecismum</span> <span class='ocrx_word' id='word_1_248' title='bbox 442 2834 553 2880; x_wconf 85' lang='lat' dir='ltr'>exacte</span> <span class='ocrx_word' id='word_1_249' title='bbox 573 2819 694 2882; x_wconf 90' lang='lat' dir='ltr'>dictum</span> <span class='ocrx_word' id='word_1_250' title='bbox 716 2821 755 2883; x_wconf 88' lang='lat' dir='ltr'>de</span> <span class='ocrx_word' id='word_1_251' title='bbox 777 2842 833 2897; x_wconf 90' lang='lat' dir='ltr'>eo,</span> <span class='ocrx_word' id='word_1_252' title='bbox 864 2821 920 2902; x_wconf 92' lang='lat' dir='ltr'>qui</span> <span class='ocrx_word' id='word_1_253' title='bbox 943 2820 1048 2881; x_wconf 87' lang='lat' dir='ltr'>adhuc</span> <span class='ocrx_word' id='word_1_254' title='bbox 1065 2819 1234 2885; x_wconf 78' lang='lat' dir='ltr'>blanditur</span> <span class='ocrx_word' id='word_1_255' title='bbox 1252 2827 1298 2902; x_wconf 83' lang='lat' dir='ltr'>(et</span> 
     </span>
     <span class='ocr_line' id='line_1_30' title="bbox 201 2902 1300 2991; baseline 0.002 -26"><span class='ocrx_word' id='word_1_256' title='bbox 201 2904 282 2980; x_wconf 81' lang='lat' dir='ltr'>sibi,</span> <span class='ocrx_word' id='word_1_257' title='bbox 305 2917 337 2965; x_wconf 88' lang='lat' dir='ltr'>et</span> <span class='ocrx_word' id='word_1_258' title='bbox 354 2902 499 2980; x_wconf 81' lang='lat' dir='ltr'>domino)</span> <span class='ocrx_word' id='word_1_259' title='bbox 523 2904 647 2966; x_wconf 84' lang='lat' dir='ltr'>ratione</span> <span class='ocrx_word' id='word_1_260' title='bbox 668 2907 757 2965; x_wconf 88' lang='lat' dir='ltr'>illius</span> <span class='ocrx_word' id='word_1_261' title='bbox 773 2905 1022 2986; x_wconf 86' lang='lat' dir='ltr'>pollicitationis</span> <span class='ocrx_word' id='word_1_262' title='bbox 1043 2902 1173 2983; x_wconf 83' lang='lat' dir='ltr'>habita,</span> <span class='ocrx_word' id='word_1_263' title='bbox 1195 2908 1300 2991; x_wconf 84' lang='lat' dir='ltr'>respi-</span> 
     </span>
     <span class='ocr_line' id='line_1_31' title="bbox 203 2988 1298 3075; baseline 0.005 -26"><span class='ocrx_word' id='word_1_264' title='bbox 203 2989 290 3050; x_wconf 87' lang='lat' dir='ltr'>ciens</span> <span class='ocrx_word' id='word_1_265' title='bbox 314 3001 419 3049; x_wconf 88' lang='lat' dir='ltr'>mente</span> <span class='ocrx_word' id='word_1_266' title='bbox 439 3002 471 3048; x_wconf 90' lang='lat' dir='ltr'>et</span> <span class='ocrx_word' id='word_1_267' title='bbox 494 2994 660 3052; x_wconf 88' lang='lat' dir='ltr'>revolvens</span> <span class='ocrx_word' id='word_1_268' title='bbox 683 3013 736 3067; x_wconf 85' lang='lat' dir='ltr'>ea,</span> <span class='ocrx_word' id='word_1_269' title='bbox 760 3011 840 3072; x_wconf 88' lang='lat' dir='ltr'>quae</span> <span class='ocrx_word' id='word_1_270' title='bbox 855 2989 951 3051; x_wconf 89' lang='lat' dir='ltr'>modo</span> <span class='ocrx_word' id='word_1_271' title='bbox 970 2990 1040 3071; x_wconf 85' lang='lat' dir='ltr'>ipss</span> <span class='ocrx_word' id='word_1_272' title='bbox 1057 2988 1211 3051; x_wconf 88' lang='lat' dir='ltr'>dominus</span> <span class='ocrx_word' id='word_1_273' title='bbox 1227 3014 1298 3075; x_wconf 87' lang='lat' dir='ltr'>pro·</span> 
     </span>
     <span class='ocr_line' id='line_1_32' title="bbox 199 3072 1296 3151; baseline 0.004 -17"><span class='ocrx_word' id='word_1_274' title='bbox 199 3073 349 3134; x_wconf 87' lang='lat' dir='ltr'>misisset.</span> <span class='ocrx_word' id='word_1_275' title='bbox 395 3072 529 3133; x_wconf 87' lang='lat' dir='ltr'>Comice</span> <span class='ocrx_word' id='word_1_276' title='bbox 555 3090 658 3135; x_wconf 88' lang='lat' dir='ltr'>autem</span> <span class='ocrx_word' id='word_1_277' title='bbox 678 3075 712 3133; x_wconf 90' lang='lat' dir='ltr'>id</span> <span class='ocrx_word' id='word_1_278' title='bbox 729 3075 868 3151; x_wconf 89' lang='lat' dir='ltr'>dictum,</span> <span class='ocrx_word' id='word_1_279' title='bbox 891 3090 929 3135; x_wconf 92' lang='lat' dir='ltr'>ut</span> <span class='ocrx_word' id='word_1_280' title='bbox 946 3074 1063 3137; x_wconf 82' lang='lat' dir='ltr'>Latino</span> <span class='ocrx_word' id='word_1_281' title='bbox 1080 3075 1141 3135; x_wconf 80' lang='lat' dir='ltr'>vix</span> <span class='ocrx_word' id='word_1_282' title='bbox 1154 3074 1296 3139; x_wconf 80' lang='lat' dir='ltr'>imiteris.</span> 
     </span>
     <span class='ocr_line' id='line_1_33' title="bbox 204 3156 1299 3242; baseline -0.002 -21"><span class='ocrx_word' id='word_1_283' title='bbox 204 3157 389 3221; x_wconf 84' lang='lat' dir='ltr'>Wielcndius</span> <span class='ocrx_word' id='word_1_284' title='bbox 404 3159 516 3218; x_wconf 87' lang='lat' dir='ltr'>vertit:</span> <span class='ocrx_word' id='word_1_285' title='bbox 541 3156 583 3218; x_wconf 92' lang='lat' dir='ltr'>du</span> <span class='ocrx_word' id='word_1_286' title='bbox 596 3158 710 3220; x_wconf 82' lang='lat' dir='ltr'>duckst</span> <span class='ocrx_word' id='word_1_287' title='bbox 724 3159 812 3232; x_wconf 83' lang='lat' dir='ltr'>dish,</span> <span class='ocrx_word' id='word_1_288' title='bbox 835 3181 871 3219; x_wconf 86' lang='lat' dir='ltr'>so</span> <span class='ocrx_word' id='word_1_289' title='bbox 884 3175 941 3242; x_wconf 84' lang='lat' dir='ltr'>gut</span> <span class='ocrx_word' id='word_1_290' title='bbox 954 3157 998 3221; x_wconf 88' lang='lat' dir='ltr'>du</span> <span class='ocrx_word' id='word_1_291' title='bbox 1010 3158 1140 3221; x_wconf 83' lang='lat' dir='ltr'>kannst.</span> <span class='ocrx_word' id='word_1_292' title='bbox 1184 3160 1299 3223; x_wconf 82' lang='lat' dir='ltr'>Omisit</span> 
     </span>
     <span class='ocr_line' id='line_1_34' title="bbox 199 3238 1297 3326; baseline 0 -21"><span class='ocrx_word' id='word_1_293' title='bbox 199 3264 275 3326; x_wconf 83' lang='lat' dir='ltr'>ergo</span> <span class='ocrx_word' id='word_1_294' title='bbox 297 3240 352 3321; x_wconf 72' lang='grc' dir='ltr'>τὴν</span> <span class='ocrx_word' id='word_1_295' title='bbox 375 3238 552 3323; x_wconf 72' lang='grc' dir='ltr'><strong><em>ὑπόσχεσιν,</em></strong></span> <span class='ocrx_word' id='word_1_296' title='bbox 569 3243 672 3324; x_wconf 88' lang='lat' dir='ltr'>&#39;quod</span> <span class='ocrx_word' id='word_1_297' title='bbox 694 3250 812 3305; x_wconf 89' lang='lat' dir='ltr'>nollem</span> <span class='ocrx_word' id='word_1_298' title='bbox 831 3245 968 3321; x_wconf 82' lang='lat' dir='ltr'>factum,</span> <span class='ocrx_word' id='word_1_299' title='bbox 992 3265 1033 3306; x_wconf 84' lang='lat' dir='ltr'>us</span> <span class='ocrx_word' id='word_1_300' title='bbox 1055 3252 1121 3305; x_wconf 81' lang='lat' dir='ltr'>voit</span> <span class='ocrx_word' id='word_1_301' title='bbox 1138 3244 1297 3325; x_wconf 86' lang='lat' dir='ltr'>superflua</span> 
     </span>
     <span class='ocr_line' id='line_1_35' title="bbox 198 3326 1298 3413; baseline 0.006 -27"><span class='ocrx_word' id='word_1_302' title='bbox 198 3327 284 3386; x_wconf 81' lang='lat' dir='ltr'>forte</span> <span class='ocrx_word' id='word_1_303' title='bbox 301 3326 470 3390; x_wconf 81' lang='lat' dir='ltr'>videretur.</span> <span class='ocrx_word' id='word_1_304' title='bbox 514 3326 675 3409; x_wconf 87' lang='lat' dir='ltr'>Equidem</span> <span class='ocrx_word' id='word_1_305' title='bbox 690 3330 870 3391; x_wconf 87' lang='lat' dir='ltr'>vertissem:</span> <span class='ocrx_word' id='word_1_306' title='bbox 893 3326 1057 3391; x_wconf 86' lang='lat' dir='ltr'>Dennoch</span> <span class='ocrx_word' id='word_1_307' title='bbox 1071 3326 1156 3389; x_wconf 84' lang='lat' dir='ltr'>kirtt</span> <span class='ocrx_word' id='word_1_308' title='bbox 1168 3328 1246 3391; x_wconf 80' lang='lat' dir='ltr'>dieb</span> <span class='ocrx_word' id='word_1_309' title='bbox 1258 3336 1298 3413; x_wconf 80' lang='lat' dir='ltr'>je·</span> 
     </span>
     <span class='ocr_line' id='line_1_36' title="bbox 197 3409 1296 3494; baseline 0.004 -23"><span class='ocrx_word' id='word_1_310' title='bbox 197 3431 255 3472; x_wconf 84' lang='lat' dir='ltr'>nes</span> <span class='ocrx_word' id='word_1_311' title='bbox 270 3409 503 3491; x_wconf 85' lang='lat' dir='ltr'>Versprecheu.</span> <span class='ocrx_word' id='word_1_312' title='bbox 550 3413 699 3474; x_wconf 87' lang='lat' dir='ltr'>Ceterum</span> <span class='ocrx_word' id='word_1_313' title='bbox 715 3413 797 3475; x_wconf 90' lang='lat' dir='ltr'>idem</span> <span class='ocrx_word' id='word_1_314' title='bbox 813 3412 954 3488; x_wconf 78' lang='lat' dir='ltr'>Iacobus,</span> <span class='ocrx_word' id='word_1_315' title='bbox 979 3412 1034 3494; x_wconf 92' lang='lat' dir='ltr'>qui</span> <span class='ocrx_word' id='word_1_316' title='bbox 1049 3412 1234 3475; x_wconf 76' lang='lat' dir='ltr'>Sohmiederi</span> <span class='ocrx_word' id='word_1_317' title='bbox 1248 3436 1296 3475; x_wconf 89' lang='lat' dir='ltr'>oe·</span> 
     </span>
     <span class='ocr_line' id='line_1_37' title="bbox 198 3495 1299 3581; baseline 0.005 -27"><span class='ocrx_word' id='word_1_318' title='bbox 198 3495 386 3578; x_wconf 82' lang='lat' dir='ltr'>gligentiam</span> <span class='ocrx_word' id='word_1_319' title='bbox 404 3496 437 3555; x_wconf 89' lang='lat' dir='ltr'>in</span> <span class='ocrx_word' id='word_1_320' title='bbox 457 3495 664 3557; x_wconf 88' lang='lat' dir='ltr'>describenda</span> <span class='ocrx_word' id='word_1_321' title='bbox 687 3498 782 3578; x_wconf 89' lang='lat' dir='ltr'>hujus</span> <span class='ocrx_word' id='word_1_322' title='bbox 801 3498 868 3556; x_wconf 89' lang='lat' dir='ltr'>loci</span> <span class='ocrx_word' id='word_1_323' title='bbox 893 3499 1044 3559; x_wconf 83' lang='lat' dir='ltr'>varietate</span> <span class='ocrx_word' id='word_1_324' title='bbox 1061 3498 1217 3581; x_wconf 72' lang='lat' dir='ltr'>lectionis</span> <span class='ocrx_word' id='word_1_325' title='bbox 1241 3520 1299 3561; x_wconf 88' lang='lat' dir='ltr'>no·</span> 
     </span>
     <span class='ocr_line' id='line_1_38' title="bbox 197 3580 1297 3661; baseline 0.003 -22"><span class='ocrx_word' id='word_1_326' title='bbox 197 3580 326 3640; x_wconf 88' lang='lat' dir='ltr'>tandam</span> <span class='ocrx_word' id='word_1_327' title='bbox 341 3594 433 3660; x_wconf 84' lang='lat' dir='ltr'>putat</span> <span class='ocrx_word' id='word_1_328' title='bbox 449 3614 487 3628; x_wconf 89' lang='lat'><em>-</em></span> <span class='ocrx_word' id='word_1_329' title='bbox 504 3593 536 3639; x_wconf 91' lang='lat' dir='ltr'>at</span> <span class='ocrx_word' id='word_1_330' title='bbox 550 3582 620 3661; x_wconf 88' lang='lat' dir='ltr'>ipse</span> <span class='ocrx_word' id='word_1_331' title='bbox 633 3582 845 3658; x_wconf 77' lang='lat' dir='ltr'>Schmiederus,</span> <span class='ocrx_word' id='word_1_332' title='bbox 870 3603 886 3640; x_wconf 90' lang='lat' dir='ltr'>a</span> <span class='ocrx_word' id='word_1_333' title='bbox 903 3601 1033 3642; x_wconf 87' lang='lat' dir='ltr'>censore</span> <span class='ocrx_word' id='word_1_334' title='bbox 1046 3581 1204 3661; x_wconf 84' lang='lat' dir='ltr'>monitus,</span> <span class='ocrx_word' id='word_1_335' title='bbox 1225 3604 1297 3645; x_wconf 81' lang='lat' dir='ltr'>mox</span> 
     </span>
     <span class='ocr_line' id='line_1_39' title="bbox 196 3662 1296 3743; baseline 0.003 -19"><span class='ocrx_word' id='word_1_336' title='bbox 196 3664 351 3724; x_wconf 81' lang='lat' dir='ltr'>vitiolum</span> <span class='ocrx_word' id='word_1_337' title='bbox 373 3662 459 3724; x_wconf 90' lang='lat' dir='ltr'>istud</span> <span class='ocrx_word' id='word_1_338' title='bbox 482 3664 515 3723; x_wconf 92' lang='lat' dir='ltr'>in</span> <span class='ocrx_word' id='word_1_339' title='bbox 543 3668 647 3727; x_wconf 90' lang='lat' dir='ltr'>Torno</span> <span class='ocrx_word' id='word_1_340' title='bbox 674 3666 815 3728; x_wconf 89' lang='lat' dir='ltr'>secundo</span> <span class='ocrx_word' id='word_1_341' title='bbox 840 3665 1024 3727; x_wconf 88' lang='lat' dir='ltr'>emendavit</span> <span class='ocrx_word' id='word_1_342' title='bbox 1040 3669 1064 3727; x_wconf 91' lang='lat'>1.</span> <span class='ocrx_word' id='word_1_343' title='bbox 1087 3686 1115 3731; x_wconf 85' lang='grc' dir='ltr'>ο.</span> <span class='ocrx_word' id='word_1_344' title='bbox 1138 3700 1182 3715; x_wconf 92' lang='lat'>-</span> <span class='ocrx_word' id='word_1_345' title='bbox 1205 3668 1296 3743; x_wconf 81' lang='lat' dir='ltr'>idem,</span> 
     </span>
     <span class='ocr_line' id='line_1_40' title="bbox 196 3747 1296 3835; baseline 0.003 -29"><span class='ocrx_word' id='word_1_346' title='bbox 196 3747 340 3829; x_wconf 87' lang='lat' dir='ltr'>inquam,</span> <span class='ocrx_word' id='word_1_347' title='bbox 364 3749 549 3831; x_wconf 84' lang='lat' dir='ltr'>gravissime</span> <span class='ocrx_word' id='word_1_348' title='bbox 564 3749 684 3811; x_wconf 88' lang='lat' dir='ltr'>labitur</span> <span class='ocrx_word' id='word_1_349' title='bbox 700 3773 749 3829; x_wconf 82' lang='lat' dir='ltr'>ao,</span> <span class='ocrx_word' id='word_1_350' title='bbox 774 3749 861 3833; x_wconf 89' lang='lat' dir='ltr'>quod</span> <span class='ocrx_word' id='word_1_351' title='bbox 876 3751 1047 3812; x_wconf 87' lang='lat' dir='ltr'>lectionem</span> <span class='ocrx_word' id='word_1_352' title='bbox 1066 3753 1195 3829; x_wconf 72' lang='grc' dir='ltr'><strong><em>σαίνεις,</em></strong></span> <span class='ocrx_word' id='word_1_353' title='bbox 1216 3772 1296 3835; x_wconf 87' lang='lat' dir='ltr'>quae</span> 
     </span>
     <span class='ocr_line' id='line_1_41' title="bbox 196 3833 1296 3921; baseline 0.004 -30"><span class='ocrx_word' id='word_1_354' title='bbox 196 3834 374 3893; x_wconf 84' lang='lat' dir='ltr'>communis</span> <span class='ocrx_word' id='word_1_355' title='bbox 391 3847 438 3893; x_wconf 86' lang='lat' dir='ltr'>est</span> <span class='ocrx_word' id='word_1_356' title='bbox 454 3834 597 3892; x_wconf 81' lang='lat' dir='ltr'>omniurn</span> <span class='ocrx_word' id='word_1_357' title='bbox 610 3835 776 3912; x_wconf 84' lang='lat' dir='ltr'>librorum,</span> <span class='ocrx_word' id='word_1_358' title='bbox 786 3834 924 3896; x_wconf 77' lang='lat' dir='ltr'>Beliniet</span> <span class='ocrx_word' id='word_1_359' title='bbox 933 3833 1116 3897; x_wconf 70' lang='lat' dir='ltr'>Sclmisdm&#39;</span> <span class='ocrx_word' id='word_1_360' title='bbox 1133 3840 1296 3921; x_wconf 76' lang='lat' dir='ltr'>conjectu-</span> 
     </span>
     <span class='ocr_line' id='line_1_42' title="bbox 194 3914 1296 3999; baseline 0.008 -24"><span class='ocrx_word' id='word_1_361' title='bbox 194 3936 247 3976; x_wconf 87' lang='lat' dir='ltr'>rae</span> <span class='ocrx_word' id='word_1_362' title='bbox 259 3914 392 3985; x_wconf 85' lang='lat' dir='ltr'>tribuit,</span> <span class='ocrx_word' id='word_1_363' title='bbox 417 3917 526 3978; x_wconf 78' lang='lat' dir='ltr'>et‘sub</span> <span class='ocrx_word' id='word_1_364' title='bbox 543 3917 764 3980; x_wconf 86' lang='lat' dir='ltr'>adnotationis</span> <span class='ocrx_word' id='word_1_365' title='bbox 782 3941 857 3981; x_wconf 88' lang='lat' dir='ltr'>suae</span> <span class='ocrx_word' id='word_1_366' title='bbox 874 3918 967 3981; x_wconf 87' lang='lat' dir='ltr'>finem</span> <span class='ocrx_word' id='word_1_367' title='bbox 982 3919 1061 3982; x_wconf 86' lang='lat' dir='ltr'>haec</span> <span class='ocrx_word' id='word_1_368' title='bbox 1076 3918 1186 3983; x_wconf 72' lang='lat' dir='ltr'>addita</span> <span class='ocrx_word' id='word_1_369' title='bbox 1206 3920 1296 3999; x_wconf 86' lang='lat' dir='ltr'>„Ce-</span> 
     </span>
     <span class='ocr_line' id='line_1_43' title="bbox 194 4001 1295 4091; baseline 0.005 -32"><span class='ocrx_word' id='word_1_370' title='bbox 194 4013 297 4061; x_wconf 88' lang='lat' dir='ltr'>terum</span> <span class='ocrx_word' id='word_1_371' title='bbox 321 4001 451 4061; x_wconf 89' lang='lat' dir='ltr'>verbum</span> <span class='ocrx_word' id='word_1_372' title='bbox 471 4006 585 4067; x_wconf 89' lang='grc' dir='ltr'><strong><em>σαίνειν</em></strong></span> <span class='ocrx_word' id='word_1_373' title='bbox 605 4004 640 4063; x_wconf 89' lang='lat' dir='ltr'>in</span> <span class='ocrx_word' id='word_1_374' title='bbox 660 4004 692 4065; x_wconf 92' lang='lat' dir='ltr'>h.</span> <span class='ocrx_word' id='word_1_375' title='bbox 711 4010 733 4066; x_wconf 93' lang='lat' dir='ltr'>l.</span> <span class='ocrx_word' id='word_1_376' title='bbox 756 4006 861 4064; x_wconf 86' lang='lat' dir='ltr'>minus</span> <span class='ocrx_word' id='word_1_377' title='bbox 882 4025 934 4064; x_wconf 84' lang='lat' dir='ltr'>me</span> <span class='ocrx_word' id='word_1_378' title='bbox 958 4002 1152 4073; x_wconf 80' lang='lat' dir='ltr'>offenderet,</span> <span class='ocrx_word' id='word_1_379' title='bbox 1175 4004 1295 4091; x_wconf 84' lang='lat' dir='ltr'>siquis</span> 
     </span>
     <span class='ocr_line' id='line_1_44' title="bbox 193 4083 1295 4195; baseline 0.005 -49"><span class='ocrx_word' id='word_1_380' title='bbox 193 4083 299 4150; x_wconf 84' lang='lat' dir='ltr'>codex</span> <span class='ocrx_word' id='word_1_381' title='bbox 324 4089 377 4148; x_wconf 86' lang='lat' dir='ltr'>vel</span> <span class='ocrx_word' id='word_1_382' title='bbox 398 4101 492 4151; x_wconf 85' lang='lat' dir='ltr'>vetus</span> <span class='ocrx_word' id='word_1_383' title='bbox 511 4086 613 4151; x_wconf 83' lang='lat' dir='ltr'>editio</span> <span class='ocrx_word' id='word_1_384' title='bbox 632 4088 849 4195; x_wconf 45' lang='lat' dir='ltr'>addixerit.“N</span> <span class='ocrx_word' id='word_1_385' title='bbox 872 4092 958 4175; x_wconf 72' lang='lat' dir='ltr'>Ergo</span> <span class='ocrx_word' id='word_1_386' title='bbox 980 4086 1070 4151; x_wconf 80' lang='lat' dir='ltr'>baud</span> <span class='ocrx_word' id='word_1_387' title='bbox 1088 4085 1190 4153; x_wconf 80' lang='lat' dir='ltr'>dubio</span> <span class='ocrx_word' id='word_1_388' title='bbox 1205 4094 1295 4154; x_wconf 69' lang='lat' dir='ltr'>utillo</span> 
     </span>
    </p>
   </div>
   <div class='ocr_carea' id='block_1_4' title="bbox 0 0 1344 4800">
    <p class='ocr_par' dir='ltr' id='par_1_4' title="bbox 0 0 1344 4800">
     <span class='ocr_line' id='line_1_45' title="bbox 0 0 1344 4800; baseline 0 4"><span class='ocrx_word' id='word_1_389' title='bbox 0 0 1344 4800; x_wconf 95' lang='lat' dir='ltr'> </span> 
     </span>
    </p>
   </div>
  </div>
 </body>
</html>
