2678 4800
131 384 280 456 ,678
469 389 1037 441 annornrroues

174 596 182 617 ,
209 544 271 603 tini
292 541 338 600 sic
359 539 482 604 dicunt,
527 537 719 617 Interprctes
741 534 850 596 Horat.
868 534 908 596 ad
922 533 984 597 Od.
999 542 1030 603 8.
1043 532 1102 596 lib.
1122 539 1155 603 1.
1169 524 1204 597 et
1222 536 1297 599 Μαι.

210 625 274 689 ital.
292 625 329 683 ad
346 625 440 705 Epig.
460 632 487 689 6,
504 623 560 683 lib.
578 627 608 689 5.
626 623 765 679 Bonan.
795 678 797 683 ,
842 650 844 654 ·

295 709 374 769 ibid.
400 707 497 787 Χάριν
513 701 548 769 ori
567 704 675 784 μικραν
691 701 815 790 αἰτούσῃ
832 701 907 789 δας)
929 704 1001 767 Hoc
1015 706 1091 766 miii
1104 706 1160 767 ads
1177 724 1205 767 te
1216 725 1295 791 peten-

211 801 234 857 ti
249 796 413 866 beneficiam
431 794 587 872 impartire.
613 794 719 850 iinon.

294 865 409 938 Fari-l.
428 884 476 940 10.
502 872 687 955 Μυρᾇιιηι)
711 872 760 931 nd
776 873 906 934 initium
922 874 1017 958 hujus
1035 873 1159 959 capitis
1181 874 1216 933 in
1232 888 1295 935 rnatu¹
1338 912 1339 971 p

234 965 286 1024 ine
302 959 432 1023 Codicis
452 960 502 1020 M.
520 974 622 1018 exstat
636 958 697 1016 hoc
713 957 876 1018 Scholium
893 981 908 1018 a
927 960 1131 1034 recentiore,
1156 981 1251 1041 quarn
1263 982 1294 1021 re·

209 988 319 1129 iique,
341 1066 454 1104 mauu:
474 1041 515 1105 Ὀ
536 1042 626 1113 καλὸς
643 1039 674 1104 a'
698 1040 814 1128 ᾇγαθός
834 1041 1011 1119 Λουκιανὸς
1030 1040 1047 1109 ὁ
1073 1040 1197 1118 πάντας
1211 1052 1295 1123 proisit

210 1135 324 1214 ἐλέγξας
337 1130 387 1191 καὶ
401 1125 524 1190 πάντων
540 1125 575 1190 tri
590 1126 654 1207 ἤθη
676 1124 839 1202 παιδεύσας
858 1127 963 1209 ἄτιμος
982 1132 1064 1210 μένει
1086 1132 1123 1194 ἐν
1142 1132 1295 1215 Καλαβρίᾳ.

210 1213 308 1297 Quod
325 1229 356 1274 ct
371 1210 426 1293 per
441 1235 472 1272 sc
489 1212 581 1272 futile
598 1235 668 1270 cum
684 1213 746 1288 sit,
770 1234 838 1287 nec,
866 1235 929 1295 quo
946 1213 1173 1289 referendum,
1198 1216 1295 1291 sciam,

211 1302 294 1363 inter
310 1298 370 1356 alia
385 1296 504 1370 scholia
519 1295 673 1356 edendum
692 1318 756 1355 non
773 1295 867 1375 duxi,
891 1320 950 1359 nec
964 1319 1097 1378 prorsus
1113 1300 1297 1359 reticerem.

208 1384 267 1445 lui.
298 1384 424 1444 Sonam.
469 1382 543 1440 Non
566 1378 763 1440 adnotasscm
786 1381 995 1441 variationem
1020 1382 1211 1442 editionum
1232 1384 1297 1442 iuter

210 1469 363 1552 μαῤῥίνην
386 1483 417 1524 et
438 1468 622 1546 dividia-arv,
652 1465 715 1522 nisi
747 1464 853 1526 Solani
880 1465 1068 1547 diligentiae
1101 1465 1296 1526 ostentandae

212 1573 320 1613 caussa
337 1552 471 1610 facerem
482 1579 490 1627 3
514 1573 583 1607 nam
601 1548 695 1607 nimis
711 1564 823 1607 notum
840 1565 904 1623 est,
928 1553 1008 1610 Mss.
1025 1567 1055 1612 et
1071 1550 1147 1613 edd.
1166 1552 1296 1632 antiquas

211 1657 281 1696 raro
299 1635 427 1694 nornine
445 1635 573 1714 propria
591 1635 694 1693 literis
720 1635 901 1712 majusculis
918 1634 1104 1693 initialibus
1131 1635 1298 1718 distingue-

187 1791 190 1794 ,
211 1743 263 1797 rer
287 1720 329 1777 ita
348 1740 421 1777 mox
440 1727 589 1782 Μελιταῖα
608 1739 716 1776 versus
738 1717 788 1778 tin.
806 1718 901 1798 hujus
924 1740 993 1798 cap.
1008 1741 1145 1801 quoque
1161 1721 1298 1801 scriptun

211 1819 278 1866 erat
292 1813 432 1884 μελιταῖα.
478 1802 584 1884 Quare
600 1802 632 1859 in
653 1801 844 1862 adnotandis
861 1803 1045 1884 hujusmodi
1062 1805 1217 1863 minutiis
1230 1816 1297 1886 post

211 1888 289 1948 haec
304 1888 462 1968 parciores
479 1889 611 1964 erimus,
635 1887 700 1943 nisi
719 1886 773 1942 ubi
797 1889 968 1947 necessitas
993 1904 1127 1970 urgeat,
1151 1904 1192 1948 nt
1207 1911 1234 1951 c.
1248 1908 1298 1967 seq.

211 1994 241 2038 v.
256 1969 425 2054 καρχάρων.
447 1974 567 2034 Rnrrz.
613 1971 688 2030 Non
711 1985 785 2029 sunt
809 1972 868 2031 hae
887 1973 1036 2052 proiecto
1057 1974 1236 2049 minutiae,
1257 1970 1298 2031 ubi

212 2083 314 2122 canem
331 2057 503 2117 Melitoeum
521 2078 589 2114 cum
605 2072 713 2139 myrto,
739 2074 867 2117 oratores
884 2055 1036 2116 mordaces
1052 2080 1126 2116 cum
1152 2056 1297 2119 Carclturo·

128 2166 134 2176 ·
213 2169 275 2204 rum
285 2158 369 2223 gente
384 2157 442 2202 etc.
466 2139 682 2199 commutandi
700 2143 826 2200 occasio
851 2140 950 2202 detur.
994 2143 1141 2201 Facilius
1168 2142 1296 2201 adnume-

211 2248 277 2288 rem
297 2226 463 2302 minutiis,
488 2224 574 2306 quod
592 2223 674 2307 idem
692 2222 824 2284 Raitzias
841 2242 955 2293 noster¹
971 2247 1067 2305 supra
1093 2226 1215 2287 vitium
1232 2226 1296 2289 Jun-

213 2311 302 2371 tiuae
326 2309 387 2373 Ed.
414 2307 504 2382 οὗτος
532 2330 590 2390 pro
613 2308 719 2383 οὖτος,
752 2324 783 2370 et
804 2310 922 2370 similia
944 2315 1044 2370 multa
1068 2328 1294 2373 commemorare

215 2417 329 2478 operae
345 2393 450 2455 duxit.
473 2396 593 2454 Lunna.

298 2479 372 2560 Pag·
389 2487 462 2546 274.
480 2484 501 2537 l.
519 2485 548 2546 5.
572 2473 712 2557 Rodios)
735 2479 828 2539 Hanc
843 2501 955 2543 vocem
977 2480 1075 2564 attigi
1098 2478 1142 2541 ad
1161 2475 1295 2563 principi·

213 2587 266 2624 um
286 2564 402 2623 Patron.
426 2567 559 2624 Bonan.
775 2587 783 2597 ·

300 2648 378 2710 Eat.
394 2653 414 2707 1.
434 2657 463 2714 6.
493 2646 536 2710 Toi
556 2643 712 2730 μελιταῖα)
740 2648 933 2724 Huiusmodi
957 2650 1042 2710 enim
1068 2665 1147 2710 sunt
1170 2642 1295 2711 Melitrei

215 2753 320 2794 canes.
351 2732 467 2792 Erosm.
497 2732 530 2789 in
557 2733 702 2813 proverb.
733 2733 890 2794 Melitaeos
911 2732 1034 2795 cotulas.
1068 2736 1181 2795 Bnon.
1229 2732 1295 2793 litet

214 2840 281 2881 vox
319 2838 336 2875 a
362 2817 523 2896 prioribus
554 2818 782 2896 interpretibus
816 2840 880 2877 non
906 2820 971 2877 fuit
1002 2819 1182 2881 intellecta.
1227 2816 1295 2879 Cotti

215 2916 304 2963 crant
322 2923 362 2962 cx
376 2901 487 2962 Melita
512 2904 637 2975 insula3
660 2902 709 2960 uti
735 2900 832 2961 hodie
855 2903 893 2960 ab
920 2903 1081 2983 Hispania
1103 2918 1294 2973 matronarum

214 3001 393 3046 nostrarum
415 2987 530 3045 catulis
545 3008 658 3046 nomen
678 2985 817 3045 inditum
833 3002 890 3048 est.
937 2989 1015 3046 Earn
1037 3004 1147 3051 autem
1168 2990 1293 3057 insulan,

214 3070 301 3131 unde
324 3092 417 3130 canes
441 3071 615 3143 habebant,
640 3071 732 3130 aliam
754 3092 821 3131 esse
848 3085 990 3130 anostra
1016 3071 1162 3147 ΜαΖιΙια,
1187 3069 1294 3149 Scalas

216 3154 311 3237 docet
333 3176 373 3215 ex
396 3154 497 3216 Plinio
521 3156 554 3212 in
576 3152 639 3214 fine
660 3155 700 3213 L.
719 3155 780 3214 ΙΙΙ.
799 3177 866 3235 cap.
882 3165 933 3223 26.
949 3155 1031 3222 ..vit
1047 3171 1142 3217 notas
1159 3156 1199 3217 ad
1216 3150 1294 3217 Eut

216 3240 339 3301 Chron.
363 3262 393 3319 p.
410 3249 484 3308 223.
516 3240 626 3299 insula
651 3254 697 3300 cst
720 3260 792 3300 orae
814 3240 1015 3301 Dalmaticae
1041 3240 1209 3321 adjacens,
1236 3254 1294 3321 quit
1318 3280 1321 3301 t

216 3323 317 3385 hodie
333 3322 458 3384 Meleda
476 3324 604 3387 dicitur.
649 3322 712 3386 Sed
735 3323 799 3382 vid.
815 3325 908 3385 etiam
933 3324 1033 3386 Str-ab.
1053 3347 1085 3405 p.
1101 3334 1176 3393 277.
1200 3324 1253 3407 qui
1269 3337 1295 3379 ex

218 3415 315 3469 altera
345 3409 457 3468 Melita
482 3413 602 3468 catulos
628 3410 702 3468 illos
725 3408 842 3488 petitos
865 3409 965 3470 fuisse
988 3408 1118 3471 disertis
1141 3409 1243 3473 verbis
1258 3402 1295 3463 sit

221 3493 367 3574 Theopbr.
387 3494 419 3551 in
439 3491 582 3565 Charact.
602 3515 627 3552 c.
644 3519 676 3554 π.
695 3497 955 3573 μικραφιλοτιμίας
978 3494 1296 3571 monumentumque

218 3577 307 3637 modi
326 3577 398 3634 cani
413 3592 607 3638 exstructum
622 3593 789 3649 memorat,
814 3578 873 3637 hac
890 3578 1123 3658 inscriptione,
1149 3564 1299 3643 anatol

221 3661 482 3726 MEAITAIOC.
528 3661 628 3744 Cujus
646 3661 798 3720 vanitatis
817 3678 920 3722 exstat
939 3684 1093 3743 nuperum
1108 3664 1205 3725 etiam
1218 3676 1298 3723 exem·

218 3751 327 3827 plum²
350 3747 409 3806 feli
432 3745 563 3807 Parisiis
586 3744 763 3807 dedicatum
785 3763 1035 3809 monumentum.
1079 3748 1235 3809 Nominat
1254 3740 1300 3799 ἱίθ·

219 3852 289 3889 runi
314 3846 424 3892 noster
448 3831 593 3910 Philops.
619 3853 644 3890 c.
660 3838 711 3896 27.
732 3845 763 3890 et
779 3831 918 3897 Conriv.
933 3854 959 3896 c.
977 3839 1026 3897 19.
1049 3833 1207 3901 Meminit
1226 3824 1300 3891 etitss

222 3913 369 3995 Diogenes
386 3915 470 3996 apud
487 3916 591 3977 Lairt.
608 3937 637 3995 p.
655 3924 726 3983 151.
740 3918 781 3992 Λ.
797 3930 827 3976 et
842 3917 953 3997 Aesop.
968 3916 993 3977 f.
1010 3924 1062 3985 88.
1085 3916 1216 3980 Sonus.
1259 3976 1262 3981 .

311 3999 389 4061 Eud·
404 4006 425 4059 l·
442 4008 472 4067 9.
495 3995 557 4065 Οὔκ
575 3998 715 4082 ἀμούσως
730 4001 801 4064 πατὲ
815 4002 866 4064 καὶ
885 4005 927 4073 εἰς
948 3998 1021 4075 τούς
1034 4001 1147 4077 ἄλλους
1160 4000 1301 4077 raderer
1332 4052 1336 4077 ς

215 4081 319 4168 1ὄντας
340 4088 373 4147 ἐν
395 4093 436 4170 τῷ
459 4089 611 4167 ξυμποσίῳ
631 4080 859 4163 ἀποσκώπτων)
889 4086 1082 4169 Benedictus,
1113 4082 1301 4170 nunqunmit·
1332 4148 1336 4163 ¹

225 4168 310 4247 salse
326 4168 402 4233 alios
418 4175 503 4233 ctiam
525 4207 568 4253 ··.
589 4171 838 4255 dicteriispeiens.
879 4170 1064 4257 ,qu'tmgit
1082 4168 1302 4255 separandas
1333 4252 1338 4269 ι
