2678 4800
213 393 290 468 670
482 340 1085 463 αυαοτοόιοὶτιττΙ

295 555 372 622 Eat.
386 557 409 621 l.
422 560 477 626 414.
502 551 570 635 Χρὴ
593 542 650 618 οὖν
669 555 811 637 χερσαίου
834 547 987 635 βατράχου
1008 551 1072 635 -)
1093 552 1240 617 Videtur
1250 540 1304 619 Li.

206 651 317 711 ¹cianus
332 640 423 702 abuti
441 661 520 700 voce
543 642 683 721 χερσαίου
704 638 854 720 βατράχου
869 637 932 697 hoc
953 642 1045 714 loeo,
1069 653 1103 701 et
1120 661 1184 719 per
1205 640 1239 700 id
1255 664 1309 703 ua·

211 753 284 795 men
301 726 422 810 φρύνον
437 725 647 801 intellexisse,
671 723 735 782 hoe
756 740 803 783 est
821 724 971 803 rubetam,
995 725 1084 805 quod
1099 725 1224 786 animal
1239 747 1307 787 con-

210 815 391 878 tentissime
412 815 534 869 clamat.
578 792 660 867 Nam
680 829 774 868 ranae
798 808 976 884 teriestrer,
1000 808 1135 891 quaein
1153 812 1305 894 segetibus

210 916 243 964 et
267 898 384 980 passim
416 895 644 967 inveniuntur,
679 896 800 951 nullam
833 893 985 952 emittunt
1009 914 1142 969 vocem,
1180 901 1304 955 clamant

209 997 334 1046 tantum
358 1000 430 1052 eae,
455 981 585 1060 quaein
604 975 775 1057 paludibus
798 992 830 1037 et
843 978 932 1061 aquia
951 976 1091 1059 degunt,
1116 979 1220 1039 immo
1237 1002 1304 1060 pro·

208 1069 279 1152 prie
299 1086 364 1124 non
386 1068 539 1125 clamant:
564 1083 635 1120 nam
660 1082 743 1133 vox,
768 1083 861 1141 quam
883 1062 1051 1141 emittunt,
1074 1084 1146 1122 non
1172 1066 1303 1147 concipi·

208 1169 263 1213 tur
283 1151 316 1209 in
334 1162 477 1228 pectore,
501 1146 556 1207 sed
579 1147 612 1205 in
631 1167 701 1222 ore,
725 1145 859 1205 admissa
880 1168 977 1229 aqua,
1001 1161 1039 1206 ut
1062 1149 1307 1225 notatPlin.11.

207 1234 269 1299 XI.
296 1239 386 1301 a.37.
407 1245 439 1292 et
459 1236 511 1299 51.
556 1232 643 1313 Ergo
665 1236 779 1309 procul
801 1229 900 1291 dubio
920 1231 1075 1291 Lucianus
1095 1253 1156 1313 per
1175 1238 1302 1318 χερσαίου

208 1315 360 1467 ξατρᾶχοο
379 1316 511 1377 rubetam
531 1316 704 1376 intellexit.
732 1316 846 1377 Petu.
895 1316 1028 1397 Repetit
1048 1316 1137 1377 libro
1162 1319 1302 1383 adversm

229 1404 421 1465 ndoctumc.
439 1409 489 1467 20.
516 1401 667 1460 liusuuu.
1200 1414 1208 1423 ‘

292 1488 368 1568 Peg.
383 1493 455 1552 268.
469 1491 489 1546 l.
506 1494 535 1553 6.
554 1480 675 1566 Ἠρὲμα
691 1485 741 1548 καὶ
751 1489 883 1567 γελοῖον)
904 1484 1095 1567 Legeudum
1111 1501 1164 1549 ert
1178 1489 1303 1549 fortean

208 1566 276 1656 οὐχ’
290 1565 387 1654 ἠρέμα
398 1579 526 1655 γελοῖον.
549 1570 656 1633 Baou.
702 1571 890 1630 Ridiculum
905 1591 972 1631 esse
986 1571 1043 1642 ait,
1057 1571 1086 1630 ai
1102 1573 1181 1653 quis
1197 1590 1301 1635 unctus

205 1675 238 1722 et
253 1662 424 1718 coronatus
437 1655 555 1729 sedeat,
580 1655 738 1737 simulque
751 1655 881 1730 esuriat,
906 1676 964 1715 nec
978 1675 1042 1736 quo
1056 1660 1234 1719 latrantem
1248 1674 1300 1719 tta·

203 1742 352 1805 maehum
368 1744 490 1822 placet,
507 1739 632 1800 habeat.
683 1738 723 1803 Ti
737 1740 791 1819 μὲν
803 1739 860 1824 γὰρ
871 1746 948 1826 λιμῷ
961 1737 1106 1818 ξυνόντα,
1125 1745 1180 1807 nul
1198 1742 1238 1825 vri
1249 1748 1298 1809 Au

203 1854 239 1913 γε
253 1833 401 1906 διψῶντα,
423 1821 508 1909 μύρῳ
518 1829 664 1907 χρίεσθαι.
687 1827 737 1888 uui
752 1833 980 1903 στεφανοῦσθαι
992 1824 1048 1904 τὴν
1062 1824 1220 1909 κεφαλὴν,
1240 1822 1300 1913 riul-

204 1939 247 1994 μα
260 1914 311 1976 καὶ
325 1919 454 1994 γελοῖον.
484 1912 584 1984 ἔοικας
599 1908 656 1994 γὰρ
672 1907 737 1975 τότε
752 1909 842 1995 στήλῃ
856 1907 950 1974 ἑώλου
965 1910 1047 1986 τινὸς
1060 1920 1190 1994 νεκροῦ,
1215 1912 1300 1997 ἄγον-

203 2022 256 2071 τος
269 2000 459 2079 ἐναγίσματα.
503 1997 584 2055 Nam
603 2000 771 2056 esurientem
792 2011 907 2056 atcerte
921 1998 1064 2057 sitientem
1078 2012 1232 2079 unguenta
1244 1996 1299 2061 ul

203 2080 276 2156 lini,
300 2099 327 2143 et
350 2096 439 2162 caput
462 2084 615 2150 coronari,
645 2078 862 2163 aliquantulum
882 2097 924 2141 ert
947 2079 1118 2145 ridiculum.
1166 2082 1221 2143 Ita
1238 2086 1298 2143 enin

203 2165 312 2226 uideris
324 2165 429 2226 similia
441 2188 500 2224 aare
516 2164 669 2226 columnae
683 2163 806 2226 obsoleti
817 2164 987 2236 cadaveris,
1004 2165 1155 2227 libamina
1167 2167 1297 2245 duaeniir.

205 2250 273 2309 Cur
295 2250 350 2310 hie
372 2242 441 2331 οὐχ’
456 2245 551 2332 ἡρέμα
574 2258 691 2335 γελοῖον
711 2270 769 2328 pro
784 2253 933 2333 vulgato,
958 2250 1048 2310 malit
1068 2250 1232 2313 Bruclaeru
1250 2250 1295 2313 lx.

201 2331 346 2396 Miacell.
365 2343 415 2403 18.
438 2356 578 2394 caussam
600 2337 718 2394 nullam
741 2332 847 2395 video.
893 2334 1042 2396 Ceterum
1060 2337 1294 2419 expressitplr-

81 2452 89 2473 .
202 2418 335 2480 nimime
350 2419 505 2480 Lucienus
519 2418 660 2502 lepidum
682 2417 745 2479 hoc
758 2417 916 2480 Martialis
927 2417 967 2479 ad
979 2418 1156 2483 Fabullum
1166 2420 1230 2485 lib.
1245 2418 1295 2483 ΠΙ.

202 2502 464 2589 EpigramXH.
1217 2498 1220 2509 ¹
1316 2504 1321 2527 '

373 2588 574 2669 Unguentum,
588 2589 712 2674 fateor,
737 2589 843 2651 bonum
860 2586 967 2650 dedisti

372 2671 507 2734 Convivis
525 2674 605 2735 ltere.-
628 2672 680 2734 setl
699 2674 776 2734 nibil
786 2674 911 2739 scidisti.

367 2756 430 2818 Res
453 2755 534 2817 salsa
554 2775 609 2826 est,
634 2759 703 2819 bene
717 2758 806 2834 olere,
830 2774 857 2820 et
871 2760 989 2829 esurire,

371 2841 433 2920 Qui
452 2866 511 2902 nun
533 2859 649 2918 coenat,
674 2861 701 2904 et
716 2848 851 2927 ungitur,
874 2841 1010 2924 Fabulle,

366 2926 440 2987 Hic·
451 2950 515 2987 vere
528 2927 601 2988 mitt
613 2946 744 2988 ntortuua
762 2928 886 2991 videtur.

198 3013 292 3079 uns.
337 3012 448 3073 Locus
465 3028 645 3093 corruptus,
670 3035 727 3074 nec
741 3018 844 3097 placet
859 3012 994 3075 Brodaei
1009 3012 1291 3097 αοαῙοστατα-Μῖισ.

197 3099 265 3176 lx,
285 3106 334 3167 13.
368 3095 504 3178 Aliquid
520 3096 574 3156 hic
590 3097 747 3159 excidisse
762 3098 866 3159 credo.
901 3096 983 3158 Vide
995 3100 1059 3159 alia
1072 3102 1157 3177 loca,
1182 3098 1291 3181 inqui

197 3181 257 3244 bus
281 3204 392 3244 vocem
410 3179 507 3262 ἠρέμα
526 3180 592 3240 fere
615 3181 764 3259 adhibet,
789 3197 842 3244 ut:
866 3184 1075 3265 ἕὸυςχέραινον
1096 3178 1213 3267 ἠρέμα,
1232 3184 1292 3245 Na
1331 3210 1336 3219 ·

198 3289 302 3349 eyom.
318 3291 345 3330 c.
361 3275 391 3333 6.
416 3264 514 3348 ἠρέμα
527 3268 577 3330 uui
593 3263 744 3349 ἶν’χθεσθαὶ
757 3292 807 3345 με,
830 3269 964 3328 Iearom.
978 3290 1007 3331 c.
1023 3274 1056 3335 9.
1072 3280 1105 3329 et
1121 3268 1217 3355 Nigr.
1230 3270 1289 3337 ud

196 3350 273 3411 vicl.
290 3353 423 3411 omniuo
446 3351 530 3415 Saul.
553 3373 584 3412 v.
601 3350 721 3433 Λελφὸς
742 3348 820 3436 ἀνὴρ
845 3356 995 3434 στέφανον
1016 3354 1071 3435 μὲν
1089 3354 1148 3437 ἔχει
1170 3344 1289 3437 diurrd'

195 3428 370 3501 desilierat.
415 3437 459 3495 Et
478 3438 676 3520 Aristophani.
694 3436 887 3507 Schol.230.
905 3440 943 3500 A.
974 3440 1100 3501 Souara.
1146 3438 1248 3523 Quod
1257 3458 1290 3501 ax

195 3518 285 3604 Nigr.
306 3543 332 3582 e.
349 3526 378 3590 5.
403 3522 482 3581 citat
504 3523 656 3597 Salanus,
681 3527 742 3603 jam
763 3536 811 3582 est
833 3545 859 3585 ο.
878 3526 930 3584 vel
945 3522 975 3607 ς.
989 3530 1019 3591 8.
1034 3522 1092 3583 ubi
1115 3520 1287 3587 Hematerb.

193 3614 371 3695 προσαχθῇς
384 3603 480 3689 ἠρέμα
493 3621 577 3667 recte
595 3609 707 3681 vertit,
730 3610 835 3667 sensim
850 3626 964 3689 cogare.
1008 3606 1109 3691 Quod
1124 3608 1181 3669 bie
1195 3622 1288 3669 tamea

193 3710 321 3750 tensum
339 3714 403 3751 non
422 3686 570 3753 efficeret.
607 3693 705 3751 Paris.
723 3693 827 3752 versio
840 3690 935 3775 ἠρέμα
947 3700 1063 3776 γελοῖον
1076 3690 1200 3771 reddit,
1215 3714 1285 3773 mag·
1333 3770 1336 3775 Ι

192 3798 298 3857 nopere
313 3776 480 3851 ridiculum,
495 3792 579 3837 recte
594 3776 679 3859 quod
698 3774 738 3835 ad
752 3797 895 3848 tensumr
921 3800 997 3837 num
1010 3797 1087 3839 vero
1101 3772 1203 3859 ἠρέμα
1215 3776 1285 3837 brae
1334 3784 1336 3791 '

192 3860 462 3941 aignificationem
480 3859 611 3936 habeat,
636 3858 780 3920 nondum
795 3862 946 3944 comperi,
969 3870 1073 3945 neque
1086 3862 1195 3925 credo.
1224 3860 1284 3921 len-

194 3943 263 4002 riua
283 3948 386 4005 locum
411 3967 520 4005 sanum
538 3947 746 4027 pronuntiare
771 3946 913 4023 videtur,
936 3942 1284 4033 verteuaaliquantulan
1332 3946 1336 4021 Ξ

193 4044 236 4088 ert
251 4027 425 4106 ridiculum,
451 4029 536 4112 quod
560 4030 674 4091 melius
696 4029 735 4089 ad
754 4030 891 4109 Graera3
914 4030 969 4091 red
989 4030 1167 4115 requiritur
1189 4026 1283 4092 effict-
1331 4092 1334 4097 ,

192 4114 263 4173 ciue
283 4113 485 4190 adverbium,
509 4135 602 4196 quam
626 4112 853 4199 aliquantulum.
876 4118 1001 4177 Rmrz.
1045 4114 1110 4175 Pro
1128 4110 1226 4199 ἡρέμα
1241 4110 1281 4177 ati

190 4206 313 4282 γελοῖον
338 4197 422 4265 Gird.
443 4199 539 4265 liam.
557 4198 598 4264 ad
621 4197 742 4284 Gregor.
761 4200 908 4269 de.Dial.
927 4220 960 4284 p.
976 4206 1028 4270 10.
1047 4200 1177 4286 legabat
1195 4194 1290 4286 iniit
