2678 4800
107 493 113 507 ,
200 414 275 493 ὥσ
465 388 1031 524 Δοοοοιτιοοεο

199 585 295 657 ..aa
311 548 475 668 synon..
488 588 520 638 et
536 572 708 652 nanta,
730 573 785 637 nn
798 562 834 636 n·
849 571 976 639 statu.
992 572 1034 637 aa
1054 540 1290 647 samnii.

198 672 324 755 Dionys.
340 668 379 727 de
400 682 502 765 nomo.
517 657 604 720 verb.
628 682 659 743 p.
673 667 745 727 260.
768 680 815 744 aq.
848 658 905 744 ‹jui
929 674 1035 722 tamen
1056 661 1159 723 simul
1181 667 1294 729 restis-

200 757 280 817 sime
294 764 419 826 monet,
442 763 574 826 κομμασι
589 765 656 803 non
676 742 877 807 referendum
898 764 965 805 esse
984 742 1024 805 ad
1039 746 1293 813 monetariorum

197 841 363 910 malleum,
387 829 442 891 sed
465 826 655 911 simpliciter
672 826 713 889 nd
736 828 837 904 ictus,
867 826 984 909 quibus
1006 832 1136 892 metalla
1160 855 1183 893 o
1203 840 1294 899 eoos-io

195 936 361 1006 purgentur.
386 914 475 976 Citat
490 910 573 971 hano
587 910 620 970 in
635 932 699 973 rem
715 911 800 975 Suid.
815 909 1021 995 ὅιιιομῶμενος
1033 915 1184 997 ἒοεννοῖν.
1217 918 1295 981 Gon·

198 1006 276 1066 fetri
292 1003 386 1063 etiam
400 1012 507 1081 potest
530 994 680 1057 scholion
697 994 736 1055 ad
755 996 892 1079 Loxiph.
908 1018 935 1059 ο.
954 1006 984 1066 8.
1006 1020 1046 1080 ομ
1054 1004 1105 1062 ’ν’
1126 1006 1293 1085 καθαίρειν,

198 1102 232 1151 ot
253 1108 324 1147 cnm
340 1084 403 1144 hoo
422 1083 477 1143 ille
494 1085 603 1158 locus,
627 1101 719 1162 quem
733 1080 968 1145 Hemsteritusins
988 1103 1028 1143 ex
1084 1099 1170 1147 ostro
1192 1089 1294 1155 attulit

198 1170 372 1233 Anachars.
389 1188 416 1229 c.
431 1172 481 1232 29.
524 1165 564 1224 In
586 1177 676 1224 tanto
693 1179 854 1231 tantorum
876 1165 1018 1229 virorum
1038 1188 1228 1249 contentu,
1245 1168 1295 1235 'oni

199 1257 294 1318 etiem
309 1252 428 1314 Latina
447 1249 566 1312 Gesneri
585 1248 811 1331 interpretatio
831 1246 972 1327 accedit,
996 1254 1088 1327 nulla
1104 1252 1296 1319 mihidobi·

198 1341 282 1401 tatio
297 1336 433 1419 amplius
454 1330 667 1414 relinquitur,
691 1331 771 1413 quin
796 1326 1017 1415 ἀποσμώμενον
1038 1340 1097 1399 vul
1122 1352 1200 1403 atae
1218 1342 1295 1423 rosi,

200 1423 255 1484 eni
268 1421 392 1483 librarii
407 1420 540 1487 Lucioni
551 1421 648 1501 longe
663 1417 762 1501 magis
778 1416 902 1481 adsueti
916 1422 1024 1481 locum
1045 1356 1182 1485 desiisse
1194 1422 1295 1487 video·

198 1522 270 1582 tur,
302 1501 540 1589 praeferendam
564 1502 755 1563 existimem.
798 1499 968 1584 Σκῷμμοιοι
986 1517 1094 1571 autom
1117 1518 1156 1569 et
1173 1506 1297 1595 κόμμα

198 1591 231 1654 h.
244 1596 264 1655 1.
279 1589 423 1651 ludentis
438 1585 564 1671 ingenii
584 1606 651 1647 esse
666 1584 828 1647 videntur.
862 1588 982 1651 Lemo.
1182 1642 1185 1649 .

285 1675 362 1757 Pag.
380 1676 451 1741 145.
466 1675 487 1730 l.
504 1678 532 1736 1.
553 1665 710 1754 Ὀργίλοι)
733 1669 908 1750 Iracundus,
931 1670 970 1732 ad
988 1672 1219 1739 ulcitoondunr
1233 1700 1296 1763 pro·

201 1760 313 1836 clivis,
339 1780 421 1840 quae
441 1753 639 1836 significatio
664 1754 740 1813 satis
765 1753 862 1818 obvia
882 1757 910 1817 si
933 1757 1134 1820 testimoniis
1158 1762 1297 1851 indiget,

202 1844 256 1906 odi
271 1844 385 1905 Elauer.
401 1841 441 1902 ad
453 1839 519 1901 Tit.
536 1839 554 1899 I
562 1883 573 1911 ,
588 1846 618 1907 7.
651 1839 775 1903 RMTz.

286 1928 365 1996 End.
380 1932 401 1993 l.
415 1935 446 1993 2.
467 1919 605 2013 ’‘ziyxtss)
628 1922 693 1983 Hic
711 1922 863 1985 videntur
884 1926 976 2009 loqui
998 1928 1144 1990 volentis
1161 1930 1298 1995 Lucinoi

203 2018 321 2076 collum
339 2012 438 2093 pallio
459 2008 689 2087 comprehenso
704 2008 876 2092 stringere,
899 2033 941 2071 ne
958 2032 1068 2073 vocem
1085 2014 1220 2079 mittere
1233 2018 1301 2099 pot·¹

149 2114 152 2123 .
203 2101 257 2161 sit.
300 2100 414 2246 Itague
435 2114 510 2155 mox
526 2091 752 2176 Philosophia,
775 2098 883 2177 δῆλος,
903 2095 1031 2183 inquit,
1053 2099 1136 2164 iotis
1158 2104 1256 2169 glast,
1274 2124 1299 2168 η

201 2186 312 2251 θέλων.
379 2202 451 2242 κεν·

289 2268 368 2332 End.
389 2271 411 2326 l.
428 2271 459 2333 4.
493 2261 554 2347 Τὴν
578 2254 688 2342 igino)
705 2260 805 2343 Ἀξίο,
827 2262 914 2347 τιμὴ,
936 2267 1071 2347 τίμησις,
1095 2263 1225 2336 sieten
1240 2266 1297 2336 sini

202 2362 258 2436 τῆς
276 2350 434 2426 κολάσεως.
477 2350 524 2409 Ut
547 2348 632 2429 apud
646 2349 781 2409 Latinos
799 2351 949 2427 pretium,
973 2350 1197 2435 stipendium,
1219 2354 1298 2419 mi.

203 2440 305 2503 milia.
349 2437 430 2500 Eust.
444 2434 484 2495 ad
499 2433 592 2498 Iliad.
607 2440 634 2499 1.
649 2434 749 2494 Inter.
767 2434 925 2518 Aristoni.
939 2435 1004 2495 alii.
1035 2436 1178 2503 Bonan.

289 2522 365 2583 End.
380 2524 400 2584 l.
417 2525 447 2587 5.
466 2514 598 2595 'Ensoiv)
621 2517 711 2576 Alibi
726 2517 811 2599 apud
828 2518 915 2580 huno
934 2535 965 2580 et
981 2522 1211 2587 Demosthenem
1226 2550 1299 2611 aeo-

96 2626 105 2633 ''
205 2602 273 2674 tois.
302 2607 427 2666 Sosis.
472 2603 589 2664 Verum
608 2624 667 2662 neo
684 2599 774 2666 ἐπιών
792 2602 1043 2686 reprobandum,
1067 2626 1174 2690 quum
1194 2612 1300 2677 ἐκώ.

206 2696 239 2768 ἐς
252 2690 288 2756 soi
309 2687 413 2770 πλήθη
432 2688 475 2746 ait
497 2685 618 2768 aggredi
628 2686 743 2769 plebem
760 2709 796 2747 ea
811 2687 1065 2771 significatione,
1091 2711 1158 2774 qua
1176 2694 1296 2757 verbum

206 2774 330 2858 aggredi
357 2770 442 2853 apud
466 2770 641 2833 Sallustium
664 2772 848 2852 frequenter
875 2775 1031 2854 occurrit,
1059 2773 1083 2834 i.
1106 2797 1134 2840 e.
1153 2776 1295 2863 progredi,

203 2860 324 2949 prodire
335 2863 366 2920 in
382 2857 520 2919 medium.
553 2858 693 2947 [Temere
714 2855 825 2938 itaque
845 2853 937 2921 ἐπιών
951 2872 1018 2918 tum
1034 2858 1193 2927 omissum
1207 2865 1241 2925 in
1254 2864 1298 2937 i'l.

206 2963 275 3009 tunt
297 2958 450 3003 mutatum
473 2963 489 3001 a
512 2941 559 3003 Jo.
582 2940 707 3022 Seogero
729 2941 763 2999 in
789 2939 886 3001 Clasa.
909 2942 1021 3004 Journ.
1039 2942 1149 3006 XVII.
1168 2968 1199 3015 a,
1216 2952 1295 3023 1814,

204 3052 238 3113 p.
256 3037 325 3096 161.
341 3029 374 3088 in
387 3023 492 3093 'sionim
538 3026 684 3087 Ceterum
702 3023 764 3085 hoc
779 3024 881 3106 ipsum
896 3026 1017 3109 Seogeri
1032 3030 1172 3111 εἰπιῖνὲς
1185 3026 1297 3115 coisli-

205 3126 250 3198 θη
263 3133 386 3183 vereor,
395 3129 432 3172 ut
445 3132 588 3194 unquam
597 3133 614 3170 a
624 3110 743 3172 Graece
756 3109 916 3171 scribente
927 3110 993 3170 dici
1002 3112 1161 3194 potuerit.
1185 3118 1294 3181 Lm.

289 3198 396 3261 Eanl.
406 3204 436 3263 9.
462 3200 524 3260 Καί
539 3219 588 3263 σοι
599 3191 645 3259 ὅτι
656 3190 695 3257 riv
709 3190 805 3280 δοκῇ)
821 3196 915 3279 Angl·
927 3193 946 3261 ὅ
958 3217 1007 3261 σοι
1018 3190 1058 3261 dv
1070 3201 1160 3288 δοκῇ.
1171 3202 1295 3267 Bonan.

207 3284 260 3347 Sio
277 3298 309 3346 et
325 3285 360 3343 P.
397 3280 459 3343 Sed
473 3284 512 3343 A.
524 3289 554 3346 2.
573 3280 683 3342 nescio
698 3278 785 3340 unde
803 3277 973 3359 depravata
995 3280 1130 3344 exhibet
1144 3286 1296 3351 verbasci

205 3368 282 3436 ὅσον
304 3363 343 3432 div
357 3372 444 3455 δοιῇ.
488 3365 655 3441 Ceterum,
679 3384 720 3424 ne
736 3360 816 3448 quid
828 3368 943 3437 celem,
965 3370 1099 3427 voculae
1112 3388 1166 3435 aar
1179 3366 1296 3435 reddidi

206 3468 373 3516 accentum
388 3473 499 3528 suum,
523 3454 619 3535 vulgo
634 3447 675 3508 ad
693 3449 743 3513 uni
760 3460 941 3511 retractum.
977 3450 1096 3519 Lauro.

291 3537 369 3599 Eat.
382 3533 577 3613 i.12.‘'Hneo
593 3535 645 3599 ιιοὶ
659 3529 737 3614 μόνη
749 3524 878 3614 τάληθὲς
892 3535 1019 3618 ἐξευρεῖν
1033 3534 1165 3615 divom)
1186 3538 1294 3621 Malia

207 3644 279 3684 cnm
296 3626 361 3685 Μο.
377 3620 455 3703 ἥπερ
474 3623 526 3687 καὶ
541 3615 619 3704 μόνη
637 3616 764 3700 τάληθὲς
777 3611 816 3681 iio
830 3613 930 3701 εὖρεῖν
949 3618 1069 3686 δύναιο.
1113 3622 1295 3693 Inferioris

206 3716 245 3793 τῇ
257 3712 386 3787 Ποικίλῃ
403 3706 521 3766 rectius
542 3718 646 3766 vertas
664 3725 734 3763 cnm
753 3701 785 3768 C.
800 3702 953 3788 Nepotem
965 3704 1098 3786 Poecile,
1122 3728 1220 3795 quam
1233 3712 1295 3771 σοι

208 3792 436 3874 interpretibus
450 3793 481 3850 in
495 3787 624 3852 Poecilo.
651 3788 786 3851 Gnnzv·
1250 3808 1253 3815 ’

292 3876 370 3939 End.
386 3879 406 3937 l.
424 3883 474 3943 18.
500 3868 670 3954 Ἐξεοοεῖν)
693 3875 759 3936 Ms.
778 3873 833 3934 Gr.
849 3889 883 3937 et
896 3875 933 3939 Ρ.
953 3870 992 3940 ἂν
1014 3870 1132 3958 tionis,
1152 3868 1297 3963 'quodni

206 3981 313 4021 veram
329 3959 499 4021 lectionem
516 3959 617 4043 magis
632 3957 780 4022 accedere
793 3957 939 4022 videtur:
960 3974 1043 4043 puto
1057 3960 1146 4023 onim
1161 3960 1297 4047 seriptit-

207 4065 243 4103 οε
256 4045 422 4104 Lucionnm
438 4047 603 4131 ἐξερευνᾷν.
647 4041 731 4105 Vide
746 4058 852 4105 tamen
867 4045 956 4111 infra
969 4067 997 4109 ο.
1011 4046 1065 4115 45.
1082 4040 1235 4135 ἕξιῦρισκε
1245 4066 1297 4123 09·

208 4127 295 4204 dem,
328 4149 391 4211 quo
412 4127 468 4188 hic
493 4150 599 4189 sensu.
630 4128 671 4193 L.
689 4121 835 4211 ἀνευρεῖν.
865 4128 991 4196 sonis.
1042 4130 1148 4215 Quim
1168 4126 1294 4195 <loono

140 4248 144 4265 ι
208 4211 311 4278 Godd.
327 4213 501 4277 auotoritas
515 4215 621 4294 fulcit,
643 4226 676 4278 et
691 4212 880 4280 confirmant
895 4214 1003 4303 Long.
1018 4216 1118 4281 Exeo.
1135 4217 1296 4283 lectionem
